@unpublished{Terenghi2022Sinf15,
	author = {Silvia Terenghi},
	note = {Talk presented at {SinFonIJa} 15, University of {U}dine, 22--24 September 2022},
	title = {Monotonic and non-monotonic person categories: {N}ew natural classes},
	year = {2022}
}

@unpublished{Terenghi2021WCCFL39,
	author = {Silvia Terenghi},
	note = {Talk presented at WCCFL 39, University of Arizona/online, 8--11 April 2021},
	title = {A person-rooted spatial analysis of demonstratives},
	year = {2021}
}

@unpublished{Terenghi2021LAGB,
	author = {Silvia Terenghi},
	note = {Talk presented at the 2021 {A}nnual {M}eeting of the {L}inguistic {A}ssociation of {G}reat {B}ritain ({LAGB}), online, 6--9 September 2021},
	title = {({N}on-)monotonicity effects in the person domain},
	year = {2021}
}

@unpublished{Scontras2022,
	author = {Scontras, Gregory},
	note = {Paper presented at Heritage Language Syntax 3, {U}niversity of Paris},
	title = {A multi-generational analysis of heritage language complexity},
	year = {2022}
}

@unpublished{RakhilinaMarushkina2014,
	author = {Ekaterina Rakhilina and Anastasia Marushkina},
	note = {Paper presented at the Second {International Conference on Heritage/Community Languages}, University of California, Los Angeles, CA},
	title = {Non-Calquing Strategies in Heritage {{Russian}}},
	year = {2014}
}

@unpublished{RProgram,
	author = {{R Core Team}},
	options = {indexing=false},
	note = {Version 4.1.2.},
	url = {http://www.r-project.org},
	title = {\textit{{R}: {{A}} Language and Environment for Statistical Computing}},
	year = {2021}
}

@unpublished{Qualtrics,
	author = {Qualtrics},
	note = {Provo, UT},
	url = {http://www.qualtrics.com},
	title = {Qualtrics Research Suite},
	options = {indexing=false},
	year = {2021}
}

@unpublished{Polinsky22,
	author = {Maria Polinsky},
	note = {Paper presented at Heritage Language Syntax 3, {U}niversity of Paris},
	title = {On how’s and why’s of heritage languages},
	year = {2022}
}

@Unpublished{CowperHall2019b,
  author   = {Cowper, Elizabeth and Hall, Daniel Currie},
  note     = {Invited talk presented at the {YYC Pronouns Workshop, University of Calgary}},
  title    = {Pronouns and Demonstratives in {Marshallese}: {{T}}he Morphosyntax of Person and Place},
  year     = {2019},
  url      = {https://incl.pl/dch/pdfs/Cowper-Hall-2019-YYC-handout.pdf}
}

@phdthesis{riksem2018,
	author = {Riksem, Brita Ramsevik},
	school = {NTNU Norwegian University of Science and Technology},
	title = {Language mixing in {A}merican {N}orwegian noun phrases: {{A}}n exoskeletal analysis of synchronic and diachronic patterns},
	year = {2018},
}

@phdthesis{Terenghi2023,
	address = {Utrecht, The Netherlands},
	author = {Silvia Terenghi},
	doi = {10.48273/LOT0635},
	school = {Utrecht University},
	title = {Missing person: {S}tructure and change in {R}omance demonstratives},
	year = {2023}
}

@phdthesis{KimJH2007,
	address = {Urbana, IL},
	author = {Ji-Hye Kim},
	school = {University of Illinois, Urbana-Champaign},
	title = {Binding Interpretations in {{Korean}} Heritage Speakers and {L2} Learners},
	year = {2007}
}

@phdthesis{Kean1975,
	address = {Cambridge, MA},
	author = {Kean, Mary-Louise},
	doi = {http://www.ai.mit.edu/projects/dm/theses/kean75.pdf},
	school = {Massachusetts Institute of Technology},
	title = {The theory of markedness in generative grammar},
	year = {1975}
}

@phdthesis{Fuller1997,
	address = {Columbia, SC},
	author = {Fuller, Janet M.},
	school = {University of South Carolina},
	title = {{Pennsylvania} {D}utch with a {S}outhern touch: {A} theoretical model of language contact and change},
	year = {1997}
}

@phdthesis{Dubinina2012,
	address = {Bryn Mawr, PA},
	author = {Irina Dubinina},
	school = {Bryn Mawr College},
	title = {How to Ask for a Favor: {{A}}n Exploration of Speech Act Pragmatics in Heritage {{Russian}}},
	year = {2012}
}

@phdthesis{Caha2009,
	address = {Tromsø},
	author = {Caha, Pavel},
	url = {https://hdl.handle.net/10037/2203},
	school = {{University of Tromsø}},
	title = {The nanosyntax of case},
	year = {2009},
}

@misc{singh2008bootstrap,
	author = {Singh, Kesar and Xie, Minge},
	note = {Unpublished manuscript, Rutgers University, USA},
	title = {Bootstrap: {{A}} statistical method},
	url = {http://www.stat.rutgers.edu/home/mxie/RCPapers/bootstrap.pdf},
	year = {2008}
}

@misc{chollet2015keras,
	author = {Chollet, Fran{\c{c}}ois and others},
	publisher = {GitHub},
	title = {Keras},
	url = {https://github.com/fchollet/keras},
	year = {2015}
}

@misc{Teodoro2020,
	author = {Malheiros Teodoro, Gabriel},
	title = {A aquisição das preposições de, para e com por falantes do português do Brasil},
	year = 2020,
	note         = {Bachelor Dissertation, Universidade de Brasilia, Brazil.}
}

@incollection{svenonius2016,
	address = {Amsterdam, The Netherlands},
	author = {Svenonius, Peter},
	booktitle = {Morphological Metatheory},
	editor = {Siddiqi, Daniel and Harley, Heidi},
	pages = {201--222},
	publisher = {John Benjamins},
	title = {Spans and words},
	year = {2016},
}

@incollection{slobin1973,
	address = {New York, NY},
	author = {Slobin, Dan I.},
	booktitle = {Studies of child language development},
	editor = {Ferguson, Charles A. and Slobin, Dan I.},
	pages = {175--208},
	publisher = {Holt, Rinehart \& Winston},
	title = {Cognitive prerequisites for the development of grammar},
	year = {1973},
}

@incollection{putnametal2021,
	address = {Cambridge, UK},
	author = {Putnam, Michael T. and Schwarz, Lara S. and Hoffman, Andrew D.},
	booktitle = {The {C}ambridge handbook of heritage languages and linguistics},
	editor = {Montrul, Silvina and Polinsky, Maria},
	pages = {613--643},
	publisher = {Cambridge University Press},
	title = {Morphology},
	year = {2021},
}

@incollection{putnametal2019,
	address = {Oxford, UK},
	author = {Putnam, Michael T. and Perez-Cortes, Silvia and Sánchez, Liliana},
	booktitle = {The {O}xford handbook of language attrition},
	editor = {Schmid, Monika S. and Köpke, Barbara},
	pages = {18--24},
	publisher = {Oxford University Press},
	sortname = {Putnam, Michael T. and Perez-Cortes, Silvia and Sanchez, Liliana},
	title = {Language attrition and the {F}eature {R}eassembly {H}ypothesis},
	year = {2019},
}

@incollection{putnam2020,
	address = {Dordrecht, The Netherlands},
	author = {Putnam, Michael T.},
	booktitle = {New trends in language acquisition within the generative perspective},
	editor = {Guijarro-Fuentes, Pedro and Suárez-Gómez, Cristina},
	pages = {3--26},
	publisher = {Springer},
	title = {{One} feature-one head: {{F}}eatures as functional heads in language acquisition and attrition},
	year = {2020},
}

@incollection{myersscottonjake2000,
	address = {Oxford, UK},
	author = {Myers-Scotton, Carol and Jake, Janice L.},
	booktitle = {{One} mind, two languages: {{B}}ilingual language processing},
	editor = {Nicol, Janet},
	pages = {91--125},
	publisher = {Blackwell},
	title = {Explaining aspects of codeswitching and their implications},
	year = {2000}
}

@incollection{mithun2020,
	address = {Oxford, UK},
	author = {Mithun, Marianne},
	booktitle = {The complexities of morphology},
	editor = {Arkadiev, Peter and Gardani, Francesco},
	pages = {306--330},
	publisher = {Oxford University Press},
	title = {Where is morphological complexity?},
	year = {2020},
}

@incollection{mikebirna2015,
	address = {Leiden, The Netherlands},
	author = {Putnam, Michael T. and Arnbjörnsdóttir, Birna},
	booktitle = {Moribund {G}ermanic heritage languages in {N}orth {A}merica: {{T}}heoretical perspectives and empirical findings},
	editor = {Page, Richard B. and Putnam, Michael T.},
	pages = {203--223},
	publisher = {Brill},
	sortname = {Putnam, Michael T. and Arnbjornsdottir, Birna},
	title = {Minimizing (interface) domains: {{T}}he loss of long-distance binding in {North} {American} {Icelandic}},
	year = {2015},
}

@incollection{mansfield2020,
	address = {Oxford, UK},
	author = {Mansfield, John and Nordlinger, Rachel},
	booktitle = {The complexities of morphology},
	editor = {Arkadiev, Peter and Gardani, Francesco},
	pages = {52--80},
	publisher = {Oxford University Press},
	title = {Demorphologization and deepening complexity in {M}urrinhpatha},
	year = {2020},
}

@incollection{lohndal2019,
	address = {Oxford, UK},
	author = {Lohndal, Terje},
	booktitle = {The {O}xford Handbook of Event Structure},
	editor = {Truswell, Robert},
	pages = {287--313},
	publisher = {Oxford University Press},
	title = {Neodavidsonianism in Semantics and Syntax},
	year = {2019},
}

@incollection{lardiere2008,
	address = {Mahwah, NJ},
	author = {Lardiere, Diane},
	booktitle = {The role of formal features in second language acquisition},
	editor = {Juana Liceras and Helmut Zobl and Helen Goodluck},
	pages = {107--140},
	publisher = {Lawrence Erlbaum},
	title = {Feature-assembly in second language acquisition},
	year = {2008},
}

@incollection{kroll2014speech,
	address = {Oxford, UK},
	author = {Kroll, Judith F. and Gollan, Tamar H.},
	booktitle = {The {O}xford handbook of language production},
	editor = {Goldrick, Matthew and Ferreira, Victor and Miozzo, Michele},
	pages = {165--181},
	publisher = {Oxford University Press},
	title = {Speech planning in two languages: {W}hat bilinguals tell us about language production},
	year = {2014}
}

@incollection{hopper1990,
	address = {Amsterdam, The Netherlands},
	author = {Hopper, Paul},
	booktitle = {Studies in typology and diachrony: {{P}}apers presented to {J}oseph {H}. {G}reenberg on his 75th birthday},
	editor = {Croft, William and Denning, Keith and Kemmer, Suzanne},
	pages = {151--160},
	publisher = {John Benjamins},
	title = {Where do words come from?},
	year = {1990},
}

@incollection{halle1993,
	address = {Cambridge, MA},
	author = {Halle, Morris and Marantz, Alec},
	booktitle = {The view from {B}uilding 20: {{{E}}}ssays in honor of {S}ylvain {B}romberger},
	editor = {Ken Hale and Keyser, Samuel J.},
	pages = {11--76},
	publisher = {MIT Press},
	title = {Distributed {M}orphology and the pieces of inflection},
	year = {1993},
}

@incollection{gurel2007,
	address = {Amsterdam, The Netherlands},
	author = {Gürel, Ayse},
	booktitle = {Language Attrition: {{T}}heoretical perspectives},
	editor = {Köpke, Barbara and Schmid, Monika S. and Keijzer, Merel and Dostert, Susan},
	pages = {99--119},
	publisher = {John Benjamins},
	sortname = {Gurel, Ayse},
	title = {({P}sycho)linguistic determinants of {L}1 attrition},
	year = {2007},
}

@incollection{gruzdeva&vakhtin2017,
	address = {Oxford, UK},
	author = {Gruzdeva, Ekaterina and Vakhtin, Nikolai},
	booktitle = {The {O}xford handbook of polysynthesis},
	editor = {Fortescue, Michael and Mithun, Marianne and Evans, Nicholas},
	pages = {428--448},
	publisher = {Oxford University Press},
	title = {Language Obsolescence in Polysynthetic Languages},
	year = {2017}
}

@incollection{denBesten77,
	address = {Amsterdam, The Netherlands},
	author = {den Besten, Hans},
	booktitle = {On the formal syntax of the {Westgermania}: {Papers} from the 3rd {Groningen Grammar Talks}},
	editor = {Werner Abraham},
	pages = {47--132},
	series = {Linguistik Aktuell/Linguistics Today},
	number = {3},
	publisher = {John Benjamins},
	title = {On the interaction of root transformations and lexical deletive rules},
	year = {1977}
}

@incollection{dalessandroetal2023,
	address = {Oxford/New York},
	author = {Roberta D'Alessandro and Luigi Andriani and Alberto Frasson and Manuela Pinto and Luana Sorgini and Silvia Terenghi},
	booktitle = {Microcontact and syntactic theory: {{A}} theory of language change in contact, with a special look at microcontact},
	editor = {Roberta D'Alessandro and Michael T. Putnam},
	publisher = {Oxford University Press},
	sortname = {Roberta D'Alessandro and Luigi Andriani and Alberto Frasson and Manuela Pinto and Luana Sorgini and Silvia Terenghi},
	title = {Heritage Languages and Syntactic Theory},
	pubstate = {forthcoming}
}

@incollection{chomsky2008,
	address = {Cambridge, MA},
	author = {Chomsky, Noam},
	booktitle = {Foundational Issues in Linguistic Theory: {{{E}}}ssays in Honor of {Jean}-{R}oger {V}ergnaud},
	editor = {Freidin, Robert and Otero, Carlos P. and Zubizarreta, Maria Luisa},
	pages = {133--166},
	publisher = {MIT Press},
	title = {On Phases},
	year = {2008},
}

@incollection{chomsky2001,
	address = {Cambridge, MA},
	author = {Chomsky, Noam},
	booktitle = {Ken {H}ale: {{A}} life in language},
	editor = {Kenstowicz, Michael},
	pages = {1--52},
	publisher = {MIT Press},
	title = {Derivation by phase},
	year = {2001},
}

@incollection{chomsky2000,
	address = {Cambridge, MA},
	author = {Chomsky, Noam},
	booktitle = {Step by step: {{E}}ssays on minimalist syntax in honor of {H}oward {L}asnik},
	editor = {Martin, Roger and Michaels, David and Uriagereka, Juan},
	pages = {89--155},
	publisher = {MIT Press},
	title = {Minimalist inquiries: {T}he framework},
	year = {2000},
}

@incollection{caballeroharris2012,
	address = {Amsterdam},
	author = {Caballero, Gabriela and Harris, Alice C.},
	booktitle = {Current Issues in Morphological Theory: ({Ir})regularity, Analogy and Frequency. {{S}}elected Papers from the 14th International Morphology Meeting, {Budapest}, 13--16 {May} 2010},
	editor = {Kiefer, Ferenc and Ladányi, Mária and Siptár, Péter},
	pages = {163--188},
	publisher = {John Benjamins},
	title = {A working typology of multiple exponence},
	year = {2012},
}

@incollection{borer2003,
	address = {Stanford, CA},
	author = {Borer, Hagit},
	booktitle = {The nature of explanation in linguistic theory},
	editor = {Moore, John and Polinsky, Maria},
	pages = {31--67},
	publisher = {CSLI Publications},
	title = {{E}xo-skeletal vs. endo-skeletal explanations: {{S}}yntactic projections and the lexicon},
	year = {2003},
}

@incollection{bolonyai05,
	address = {Somerville, MA},
	author = {Bolonyai, Agnes},
	booktitle = {{{{ISB}}4: {{P}}roceedings of the 4th International Symposium on Bilingualism}},
	editor = {Cohen, James and McAlister, Kara T. and Rolstad, Kellie and MacSwan, Jeff},
	pages = {317--327},
	publisher = {Cascadilla Press},
	title = {{{E}nglish} verbs in {H}ungarian/{{E}}nglish codeswitching},
	year = {2005},
}

@incollection{berdicevskis2020,
	address = {Oxford, UK},
	author = {Berdicevskis, Aleksandrs and Semenuks, Arturs},
	booktitle = {The complexities of morphology},
	editor = {Arkadiev, Peter and Gardani, Francesco},
	pages = {283--305},
	publisher = {Oxford University Press},
	title = {Different trajectories of morphological overspecification and irregularity under imperfect language learning},
	year = {2020},
}

@incollection{bakker1998,
	address = {Berlin, Germany},
	author = {Dik Bakker},
	booktitle = {Constituent Order in the Languages of {{{E}}}urope: {{{{E}}}}mpirical Approaches to Language Typology},
	editor = {Anna Siewierska},
	pages = {381--419},
	publisher = {Mouton de Gruyter},
	title = {Flexibility and consistency in word order patterns in the languages of {{E}}urope},
	year = {1998}
}

@incollection{arkadiev2020,
	address = {Oxford, UK},
	author = {Arkadiev, Peter and Gardani, Francesco},
	booktitle = {The complexities of morphology},
	editor = {Arkadiev, Peter and Gardani, Francesco},
	pages = {1--21},
	publisher = {Oxford University Press},
	title = {Introduction: {{C}}omplexities in morphology},
	year = {2020},
}

@incollection{anderson2015,
	address = {Oxford, UK},
	author = {Anderson, Stephen R.},
	booktitle = {Understanding and measuring morphological complexity},
	editor = {Baerman, Matthew and Brown, Dunstan and Corbett, Greville G.},
	pages = {11--26},
	publisher = {Oxford University Press},
	title = {Dimensions of morphological complexity},
	year = {2015},
}

@incollection{Stachowski1998,
	address = {London, UK},
	author = {Marek Stachowski and Astrid Menz},
	booktitle = {The {T}urkic languages},
	editor = {Lars Johanson and Éva Á. Csató},
	pages = {417--433},
	publisher = {Routledge},
	title = {Yakut},
	year = {1998}
}

@incollection{Sorace2000,
	address = {Somerville, MA},
	author = {Antonella Sorace},
	booktitle = {Proceedings of the 24th Annual {{Boston} University Conference on Language Development}},
	editor = {S. Catherine Howell and Sarah A. Fish and Thea Keith-Lucas},
	pages = {719--725},
	publisher = {Cascadilla Press},
	title = {Differential Effects of Attrition in the {L1} Syntax of Near-Native {L2} Speakers},
	year = {2000}
}

@incollection{Savickiene1998,
	address = {Antwerp, Belgium},
	author = {Ineta Savickiene},
	booktitle = {Studies in the Acquisition of Number and Diminutive Marking},
	editor = {Steven Gillis},
	pages = {115--135},
	publisher = {Antwerp University Press},
	title = {The Acquisition of Diminutives in {{Lithuanian}}},
	year = {1998}
}

@incollection{Sasse1992,
	address = {Berlin, Germany},
	author = {Sasse, Hans-Jürgen},
	booktitle = {Language decay and contact-induced change: {{S}}imilarities and differences},
	editor = {Brenzinger, Matthias},
	pages = {59--79},
	publisher = {Mouton de Gruyter},
	sortname = {Sasse, Hans-Jurgen},
	title = {Language decay and contact-induced change: {{S}}imilarities and differences.},
	year = {1992}, 
    booktitle    = {Language death: {F}actual and theoretical explorations with special reference to {East Africa}}
}

@incollection{Santos2017,
	address = {Berlin, Germany},
	author = {Santos, Ana Lúcia},
	editor = {Maria João Freitas and Ana Lúcia Santos},
	pages = {249--273},
	publisher = {Language Science Press},
	sortname = {Santos, Ana Lucia},
	title = {Alguns aspetos da aquisição de orações subordinadas completivas},
	year = 2017,  
	booktitle    = {A aquisição de língua materna e não materna: {Questões} gerais e dados do português},
	doi = {10.5281/zenodo.889436}
}

@incollection{RobertsHolmberg2010,
	address = {Cambridge, UK},
	author = {Roberts, Ian and Holmberg, Anders},
	booktitle = {Parametric Variation: {N}ull subjects in {M}inimalist theory},
	editor = {Biberauer, Theresa and Holmberg, Anders and Roberts, Ian and Sheehan, Michelle},
	pages = {1--57},
	publisher = {Cambridge University Press},
	title = {Introduction: {P}arameters in minimalist theory},
	year = {2010}
}

@incollection{Ravid1998,
	address = {Antwerp, Belgium},
	author = {Dorit Ravid},
	booktitle = {Studies in the Acquisition of Number and Diminutive Marking},
	editor = {Steven Gillis},
	pages = {149--174},
	publisher = {Antwerp University Press},
	title = {Diminutive -\textit{i} in Early Child {{Hebrew}}: {{A}}n Initial Analysis},
	year = {1998}
}

@incollection{McGinnis-Archibald2016,
	address = {Cambridge, UK},
	author = {McGinnis-Archibald, Martha},
	booktitle = {Distributed Morphology},
	editor = {Hippisley, Andrew and Gregory T. Stump},
	pages = {390--423},
	publisher = {Cambridge University Press},
	title = {Distributed Morphology},
	year = 2016,  
	booktitle    = {{The Cambridge handbook of morphology}}
}

@incollection{MarreroAguirreAlbala2007,
	address = {Amsterdam, The Netherlands},
	author = {Victoria Marrero and Carmen Aguirre and María José Albalá},
	booktitle = {The Acquisition of Diminutives: {{A}} Crosslinguistic Perspective},
	editor = {Ineta Savickiene and Wolfgang U. Dressler},
	pages = {155--181},
	publisher = {John Benjamins Publishing},
	sortname = {Victoria Marrero and Carmen Aguirre and Maria Jose Albal{a}},
	title = {The Acquisition of Diminutives in {{Spanish}}: {{A}} Useful Device},
	year = {2007}
}

@incollection{LS16,
	address = {Oxford, UK},
	author = {Ledgeway, Adam and Smith, John C.},
	booktitle = {The {O}xford guide to the {R}omance {L}anguages},
	doi = {10.1093/acprof:oso/9780199677108.003.0054},
	editor = {Ledgeway, Adam and Maiden, Martin},
	pages = {879--896},
	publisher = {Oxford University Press},
	title = {Deixis},
	year = {2016},
}

@incollection{Jakobson39,
	address = {Geneva, Switzerland},
	author = {Roman Jakobson},
	booktitle = {Mélanges de linguistique offerts à {C}harles {B}ally},
	pages = {143--152},
	publisher = {Georg et Cie},
	title = {Signe zéro},
	year = {1939}
}

@incollection{Jakobson32,
	address = {Prague, CR},
	author = {Roman Jakobson},
	booktitle = {Charisteria {V}ilhelmo {M}athesio oblata},
	pages = {74--83},
	publisher = {Cercle Linguistique de Prague},
	title = {Zur {Struktur} des russischen {V}erbums},
	year = {1932}
}
@incollection{Greenberg1963,
	address = {Cambridge, MA},
	author = {Greenberg, Joseph H.},
	booktitle = {Universals of language},
	editor = {Joseph H. Greenberg},
	pages = {73--113},
	publisher = {MIT Press},
	title = {Some Universals of Grammar with Particular Reference to the Order of Meaningful Elements},
	year = {1963}
}

@incollection{Dryer2013Genealogical,
	address = {Leipzig},
	author = {Matthew S. Dryer},
	booktitle = {The World Atlas of Language Structures Online},
	url = {https://wals.info/languoid/genealogy},
	editor = {Matthew S. Dryer and Martin Haspelmath},
	publisher = {Max Planck Institute for Evolutionary Anthropology},
	title = {Genealogical Language List},
	year = {2013}
}

@incollection{Bayrametal2019,
	address = {Oxford, UK},
	author = {Fatih Bayram and Diego {Pascual y Cabo} and Jason Rothman},
	booktitle = {The {O}xford Handbook of Language Attrition},
	editor = {Monica S. Schmid and Barbara Köpke},
	pages = {446--457},
	publisher = {Oxford University Press},
	title = {Intra-Generational Attrition: {C}ontributions to Heritage Speaker Competence},
	year = {2019}
}

@incollection{Aikhenvald2006,
	address = {Oxford, UK},
	author = {Alexandra Y. Aikhenvald},
	booktitle = {Grammars in contact: {A} Cross-linguistic Typology},
	editor = {Alexandra Y. Aikhenvald and Robert M. W. Dixon},
	pages = {1--66},
	publisher = {Oxford University Press},
	title = {Grammars in Contact: {A} Cross-Linguistic Perspective},
	year = {2006}
}

@incollection{AdgerSvenonius2012,
	address = {Oxford, UK},
	author = {Adger, David and Peter Svenonius},
	booktitle = {The {{Oxford}} Handbook of Linguistic Minimalism},
	editor = {Cedric Boeckx},
	pages = {27--51},
	publisher = {Oxford University Press},
	title = {Features in Minimalist syntax},
	year = {2012}
}

@inbook{putnam2018heritage,
	author = {Putnam, Michael T. and Pascual y Cabo, Diego and Kupisch, Tanja},
	booktitle = {Bilingual cognition and language: {{T}}he state of the science across its subfields},
	editor = {David Miller and Fatih Bayram and Jason Rothman and Ludovica Serratrice},
	pages = {251--279},
	publisher = {John Benjamins, Amsterdam},
	title = {Different situations, similar outcomes: {{H}}eritage grammars across the lifespan},
	series = {Studies in Bilingualism},
	number = {54},
	year = {2018},
	doi = {10.1075/sibil.54.12put}
}

@inbook{mithun1989incipient,
	author = {Mithun, Marianne},
	booktitle = {Investigating Obsolescence: studies in language contraction and death},
	editor = {Dorian, Nancy C.},
	pages = {243--257},
	publisher = {Cambridge, UK: Cambridge University Press},
	title = {The incipient obsolescence of polysynthesis: {{C}}ayuga in {Ontario} and {Oklahoma}},
	year = {1989}
}

@inbook{fenyvesi2000affectedness,
	author = {Fenyvesi, Anna},
	booktitle = {Language contact and verb complex of {Dutch} and {Hungarian}},
	pages = {94--107},
	publisher = {University of Szeged},
	location = {Szeged, Hungary},
	title = {The affectedness of the verbal complex in {American} {Hungarian}},
	year = {2000}
}

@book{toth2007hungry,
	address = {Frankfurt},
	author = {Gergely Tóth},
	publisher = {Peter Lang},
	sortname = {Gergely Toth},
	title = {Linguistic interference and first-language attrition: {G}erman and {H}ungarian in the {{San} Francisco B}ay area},
	year = {2007}
}

@book{stump2001,
	address = {Cambridge, UK},
	author = {Stump, Gregory T.},
	publisher = {Cambridge University Press},
	title = {Inflectional Morphology: {{A}} Theory of Paradigm Structure},
	year = {2001},
}

@book{siddiqi2009,
	address = {Amsterdam, The Netherlands},
	author = {Siddiqi, Daniel},
	publisher = {John Benjamins},
	title = {Syntax within the word: {{E}}conomy, allomorphy, and argument selection in {D}istributed {M}orphology},
	year = {2009},
}

@book{sampson2009language,
	address = {Oxford, UK},
	author = {Sampson, Geoffrey and Gil, David and Trudgill, Peter},
	publisher = {Oxford University Press},
	title = {Language complexity as an evolving variable},
	year = {2009}
}

@book{mont2015,
	address = {Norman, OK},
	author = {Montgomery-Anderson, Brad},
	publisher = {University of Oklahoma Press},
	title = {Cherokee reference grammar},
	year = {2015},
}

@book{melnar2005,
	address = {Lincoln, NE},
	author = {Melnar, Lynette R.},
	publisher = {University of Nebraska Press},
	title = {Caddo verb morphology},
	year = {2005},
}

@book{lovick2020,
	address = {Lincoln, NE},
	author = {Lovick, Olga},
	publisher = {University of Nebraska Press},
	title = {A grammar of {{U}}pper {T}anana},
    volume = {1: {{P}}honology, lexical classes, morphology},
	year = {2020},
}

@book{lohndal2014,
	address = {Oxford, UK},
	author = {Lohndal, Terje},
	publisher = {Oxford University Press},
	title = {Phrase structure and argument structure: {{A}} case study of the syntax-semantics interface},
	year = {2014},
}

@book{livitanyi2008,
	address = {New York, NY},
	author = {Ming Li and Paul Vitányi},
	publisher = {Springer},
	sortname = {Ming Li and Paul Vitanyi},
	title = {An introduction to {K}olmogorov complexity and its applications},
	year = {2008}
}

@book{gallego2010,
	address = {Amsterdam, The Netherlands},
	author = {Gallego, Ángel J.},
	publisher = {John Benjamins},
	sortname = {Gallego, Angel J.},
	title = {Phase theory},
	year = {2010},
}

@book{embick2015,
	address = {Berlin, Germany},
	author = {Embick, David},
	publisher = {Mouton de Gruyter},
	title = {The morpheme: {{A}} theoretical introduction},
	year = {2015},
}

@book{chafe76,
	address = {Berlin, Germany},
	author = {Chafe, Wallace L.},
	publisher = {Mouton},
	title = {The {C}addoan, {I}roquoian, and {S}iouan languages},
	year = {1976},
}

@book{borer2005nouns,
	address = {Oxford, UK},
	author = {Borer, Hagit},
	publisher = {Oxford University Press},
	title = {Structuring sense},
	volume = {1: {In} name only},
	year = {2005},
}

@book{borer2005events,
	address = {Oxford, UK},
	author = {Borer, Hagit},
	publisher = {Oxford University Press},
	title = {{S}tructuring sense},
	volume = {2: {The} normal course of events},
	year = {2005},
}

@book{baker1996,
	address = {Oxford, UK},
	author = {Baker, Mark},
	publisher = {Oxford University Press},
	title = {The polysynthesis parameter},
	year = {1996}
}

@book{amery1987first,
	address = {London, UK},
	author = {Heather Amery and Stephen Cartwright},
	publisher = {Usborne},
	title = {{F}irst 100 words},
	year = {1987}
}

@book{Trudgill2011,
	address = {Oxford, UK},
	author = {Trudgill, Peter},
	publisher = {Oxford University Press},
	title = {Sociolinguistic typology: {S}ocial determinants of linguistic complexity},
	year = {2011}
}

@book{Trubetzkoy39,
	address = {Göttingen, Germany},
	author = {Nicolay Trubetzkoy},
	publisher = {Vandenhoeck \& Ruprecht},
	title = {{Grundzüge} der {P}honologie},
	year = {1939}
}

@book{SheehanEtAl2017,
	address = {Cambridge, MA},
	author = {Sheehan, Michelle and Biberauer, Theresa and Holmberg, Anders and Roberts, Ian},
	doi = {10.7551/mitpress/8687.001.0001},
	publisher = {The MIT Press},
	title = {The {F}inal-over-{F}inal {C}ondition: {A} Syntactic Universal},
	year = {2017},
}

@article{SchulzGrimm2019,
	author = {Schulz, Petra and Angela Grimm},
	title = {The age factor revisited: {{T}}iming in acquisition interacts with age of onset in bilingual acquisition},
	year = {2019},
	journal    = {Frontiers in Psychology},
	volume 	   = {9},
	pages      = {2732},
        doi = {10.3389/fpsyg.2018.02732},
}

@book{Roberts2019,
	address = {Oxford, UK},
	author = {Ian Roberts},
	doi = {10.1093/oso/9780198804635.001.0001},
	publisher = {Oxford University Press},
	title = {Parameter hierarchies and {Universal Grammar}},
	year = {2019},
}

@book{Rizzi1990,
	address = {Cambridge, MA},
	author = {Rizzi, Luigi},
	title = {Relativized Minimality},
	year = 1990,
	publisher    = {MIT Press}
}

@book{Montrul2016,
	address = {Cambridge, UK},
	author = {Montrul, Silvina},
	doi = {10.1017/CBO9781139030502},
	publisher = {{Cambridge University Press}},
	title = {The Acquisition of Heritage Languages},
	year = {2016},
}

@book{Montrul2008,
	address = {Amsterdam/Philadelphia, PA},
	author = {Silvina Montrul},
	doi = {10.1075/sibil.39},
	publisher = {John Benjamins},
	title = {Incomplete Acquisition in Bilingualism: {R}e-examining the Age Factor},
	year = {2008}
}

@book{MiestamoEtAl2008,
	address = {Amsterdam, The Netherlands},
	booktitle = {Language complexity: {{T}}ypology, contact, change},
	editor = {Miestamo, Matti and Kaius Sinnemäki and Fred Karlsson},
	publisher = {John Benjamins},
	sortname = {Miestamo, Matti and Kaius Sinnemaki and Fred Karlsson},
	title = {Language complexity: {{T}}ypology, contact, change},
	year = {2008}
}

@book{Malchukov1995,
	address = {Munich, Germany},
	author = {Andrej Malchukov},
	publisher = {Lincom Europa},
	title = {Even},
	year = {1995}
}

@book{López2020,
	address = {Toward an integrated model},
	location = {Cambridge, UK},
	author = {López, Luis},
	sortname = {Lopez, Luis},
	title = {Bilingual grammar},
	year = {2020},
	publisher    = {Cambridge University Press}
}

@book{Lyons1977,
	address = {Cambridge, UK},
	author = {Lyons, John},
	doi = {10.1017/CBO9780511620614},
	publisher = {Cambridge University Press},
	title = {Semantics},
	volume = {2},
	year = {1977},
}

@book{Lightfoot2020,
	address = {Cambridge, MA},
	author = {Lightfoot, David},
	title = {Born to parse: {{H}}ow children select their languages},
	year = {2020},
	publisher    = {MIT Press}
}

 

@article{Lidz2018,
	journal = {Glossa},
    volumne = {3},
    number = {1},
	author = {Lidz, Jeff},
	doi = {10.5334/gjgl.339},
	pages = {33},
	title = {The scope of children’s scope: Representation, parsing and learning},
	year = {2018}
}

@article{Laleko2022,
	title = {Word order and information structure in heritage and {L2 Russian}: {Focus} and unaccusativity effects in subject inversion},
	author = {Laleko, Oksana},
	journal = {International Journal of Bilingualism},
	year = {2022},
	volume    = {26},
	number = {6},
	pages = {749--766},
}

@book{Kehayov2017,
	address = {Berlin, Germany},
	author = {Kehayov, Petar},
	title = {The fate of mood and modality in language death: {{{{E}}}}vidence from {M}inor {F}innic},
	year = {2017},
	publisher    = {Mouton de Gruyter}
}

@book{Kany1945,
	address = {Chicago, IL},
	author = {Charles E. Kany},
	publisher = {University of Chicago Press},
	title = {{{American}-{Spanish} syntax}},
	year = {1945}
}

@article{Jakubowicz2003,
  author    = {Jakubowicz, Celia},
  title     = {Computational complexity and the acquisition of functional categories by {{French}}-speaking children with {{SLI}}},
  year      = {2003},
  journal	= {Linguistics},
  volume    = {41},
  number    = {2},
  pages     = {175-211},
  doi       = {10.1515/ling.2003.007},
}

@book{JakobsonHalle56,
	address = {Berlin, Germany},
	author = {Roman Jakobson and Morris Halle},
	publisher = {Mouton de Gruyter},
	title = {Fundamentals of Language},
	year = {1956}
}

@Book{Hawkins1983,
  author    = {Hawkins, John A.},
  publisher = {Academic Press},
  title     = {Word order universals},
  year      = {1983},
  address   = {London},
}

@book{Harbour2016,
	address = {Cambridge, MA},
	author = {Harbour, Daniel},
	doi = {10.7551/mitpress/9780262034739.001.0001},
	publisher = {The MIT Press},
	title = {Impossible persons},
	year = {2016},
}

@book{Harbour2008,
	address = {Dordrecht},
	author = {Harbour, Daniel},
	doi = {10.1007/978-1-4020-5038-1},
	publisher = {Springer},
	title = {Morphosemantic number: {F}rom {Kiowa} noun classes to {UG} number features},
	year = {2008},
}

@book{FoxWeisberg2019,
	address = {Thousand Oaks, CA},
	author = {John Fox and Sanford Weisberg},
	edition = {3},
	publisher = {Sage Publications},
	title = {An {R} Companion to Applied Regression},
	year = {2019}
}

@book{Dresher2009,
	address = {Cambridge, UK},
	author = {Dresher, B. Elan},
	title = {The Contrastive Hierarchy in phonology},
	year = {2009},
	publisher    = {Cambridge University Press}
}

@book{Dolphyne1988,
	address = {Accra, Ghana},
	author = {Florence Abena Dolphyne},
	publisher = {Ghana Universities Press},
	title = {The {{Akan}} ({{Twi}}-{{Fante}}) Language: {{I}}ts Sound Systems and Tonal Structure},
	year = {1988}
}

@book{Diessel1999,
	address = {Amsterdam, The Netherlands},
	author = {Diessel, Holger},
	doi = {10.1075/tsl.42},
	publisher = {John Benjamins},
	title = {Demonstratives: {{F}}orm, function, and grammaticalization},
	year = {1999},
}

@book{Dahl2004,
	address = {Amsterdam, The Netherlands},
	author = {Dahl, Östen},
	sortname = {Dahl, Osten},
	title = {The growth and maintenance of linguistic complexity},
	year = 2004,
	publisher    = {John Benjamins}
}

@book{Culicover2013,
	address = {Oxford, UK},
	author = {Culicover, Peter W.},
	title = {Grammar and complexity: {{L}}anguage at the intersection of competence and performance},
	year = 2013,
	publisher    = {Oxford University Press}
}

@book{Costa2006,
	address = {Textos Selecionados do XXII Encontro da Associação Portuguesa de Linguística. Lisboa},
	author = {Costa, Ana Luísa},
	sortname = {Costa, Ana Luisa},
	title = {Complexidade Estrutural de Conectores Concessivos},
	year = 2006,
	publisher    = {APL}
}

@book{ChristiansenChater2016,
	address = {Cambridge, MA},
	author = {Christiansen, Morten H. and Nick Chater},
	title = {Creating language: {{I}}ntegrating evolution, acquisition, and processing},
	year = 2016,
	publisher    = {MIT Press}
}

@book{ChomskyHalle1968,
	address = {New York, NY},
	author = {Chomsky, Noam and Morris Halle},
	publisher = {Harper \& Row},
	title = {The sound pattern of {{E}}nglish},
	year = {1968}
}

@book{Halle1971,
	author = {Morris Halle},
	year = {1971},
	title = {The sound pattern of {Russian}: {A} linguistic and acoustical investigation},
	shorttitle = {The sound pattern of {Russian}},
	publisher = {Mouton \& Co},
	location = {The Hague, The Netherlands}
}

@book{Chomsky1957,
	address = {The Hague, The Netherlands},
	author = {Noam Chomsky},
	publisher = {Mouton de Gruyter},
	title = {Syntactic Structures},
	year = {1957}
}

@book{Brown1973,
	address = {Cambridge, MA},
	author = {Roger Brown},
	publisher = {Harvard University Press},
	title = {A First Language: {{T}}he Early Stages},
	year = {1973}
}

@book{Blevins2004,
	address = {Cambridge, UK},
	author = {Juliette Blevins},
	publisher = {Cambridge University Press},
	title = {Evolutionary Phonology: {{T}}he Emergence of Sound Patterns},
	year = {2004}
}

@article{Blevins2007,
	author = {Blevins, Juliette},
	year = {2007},
	title = {The importance of typology in explaining recurrent sound patterns},
	journal = {Linguistic Typology},
	volume = {11},
	pages = {107--113}
}

@book{BiberauerSheehan2013,
	address = {Oxford, UK},
	booktitle = {Theoretical Approaches to Disharmonic Word Order},
	editor = {Theresa Biberauer and Michelle Sheehan},
	publisher = {Oxford University Press},
	title = {Theoretical Approaches to Disharmonic Word Order},
	year = {2013}
}

@book{Battistella1990,
	address = {Albany, NY},
	author = {Battistella, Edwin},
	title = {Markedness: {{T}}he evaluative superstructure of language},
	year = 1990,
	publisher    = {State University of New York Press}
}

@incollection{AnderssenWestergaard2020,
	booktitle = {Lost in transmission: {The} role of attrition and input in heritage language development},
	author = {Anderssen, Merete and Marit Westergaard},
	publisher = {John Benjamins},
	location = {Amsterdam, The Netherlands},
	pages = {99--124},
	title = {Word order variation in heritage language: {{S}}ubject shift and object shift in {{Norwegian}}},
	year = {2020},
	editor = {Bernhard Brehmer and Jeanine Treffers-Daller},
	series = {Studies in Bilingualism},
	number = {59}
}

@book{Agyekum2010,
	address = {Accra, Ghana},
	author = {Kofi Agyekum},
	publisher = {Dwumfour Publications},
	title = {{Akan} Kasa Nhyehyeɛ},
	year = {2010}
}

@article{ziv1978compression,
	author = {Ziv, Jacob and Lempel, Abraham},
	journal = {IEEE Transactions on Information Theory},
	number = {5},
	pages = {530--536},
	publisher = {IEEE},
	title = {Compression of individual sequences via variable-rate coding},
	volume = {24},
	year = {1978}
}

@article{ziv1977universal,
	author = {Ziv, Jacob and Lempel, Abraham},
	journal = {IEEE Transactions on Information Theory},
	number = {3},
	pages = {337--343},
	publisher = {IEEE},
	title = {A universal algorithm for sequential data compression},
	volume = {23},
	year = {1977}
}

@article{wechsler2021,
	author = {Wechsler, Stephen},
	journal = {Annual Review of Linguistics},
	pages = {67--87},
	title = {The role of the lexicon in the syntax-semantics interface},
	volume = {6},
	year = {2021}
}

@article{vanOschSleeman2018Spanish,
	author = {van Osch, Brechje and Sleeman, Petra},
	doi = {10.1177/1367006916654365},
	journal = {International Journal of Bilingualism},
	number = {5},
	pages = {513--529},
	title = {{Spanish} heritage speakers in the {N}etherlands: {L}inguistic patterns in the judgment and production of mood},
	volume = {22},
	year = {2018}
}

@article{vanHout2008,
	author = {van Hout, Angeliek},
	journal = {Lingua},
	number = {11},
	pages = {1740--1765},
	title = {Acquiring perfectivity and telicity in {D}utch, {I}talian and {P}olish},
	volume = {118},
	year = {2008}
}

@article{stump2017,
	author = {Stump, Gregory T.},
	journal = {Annual Review of Linguistics},
	number = {1},
	pages = {65--83},
	title = {The nature and dimensions of complexity in morphology},
	volume = {3},
	year = {2017},
}

@article{starke2009,
	author = {Starke, Michel},
	journal = {Nordlyd},
	number = {1},
	pages = {1--6},
	title = {Nanosyntax: {{A}} short primer to a new approach to language},
	volume = {36},
	year = {2009},
}

@article{shosted2006correlating,
	author = {Shosted, Ryan K},
	journal = {Linguistic Typology},
	number = {1},
	pages = {1--40},
	publisher = {De Gruyter Mouton},
	title = {Correlating complexity: {{A}} typological approach},
	volume = {10},
	year = {2006}
}

@article{sherkinalieber2020,
	author = {Sherkina-Lieber, Marina},
	journal = {Linguistic Approaches to Bilingualism},
	number = {3},
	pages = {412--440},
	title = {A classification of receptive bilinguals. {{W}}hy we need to distinguish them, and what they have in common},
	volume = {10},
	year = {2020}
}

@article{ScontrasEtAl2018,
	author = {Scontras, Gregory and Polinsky, Maria and Fuchs, Zuzanna},
	journal = {Glossa},
	number = {1},
	pages = {1--29},
	title = {In support of representational economy: {{A}}greement in heritage {S}panish},
	volume = {3},
	year = {2018},
	doi = {10.5334/gjgl.164}
}

@article{scontras2015,
	author = {Scontras, Gregory and Polinsky, Maria and Fuchs, Zuzanna},
	journal = {Frontiers in Psychology},
	title = {Heritage language and linguistic theory},
	volume = {6},
	pages = {1545},
	year = {2015},
	ids = {ScontrasFuchsPolinsky2015}
}

@article{sadeniemi2008complexity,
	author = {Sadeniemi, Markus and Kettunen, Kimmo and Lindh-Knuutila, Tiina and Honkela, Timo},
	journal = {Journal of Quantitative Linguistics},
	number = {2},
	pages = {185--211},
	publisher = {Taylor \& Francis},
	title = {{C}omplexity of {{E}}uropean {{U}}nion Languages: {{A}} comparative approach},
	volume = {15},
	year = {2008}
}

@article{rothman2009,
	author = {Jason Rothman},
	journal = {International Journal of Bilingualism},
	number = {2},
	pages = {155--163},
	title = {Understanding the nature and outcomes of early bilingualism: {{R}}omance languages as heritage languages},
	volume = {13},
	year = {2009},
	ids = {Rothman2009}
}

@article{riksemetal2019,
	author = {Riksem, Brita Ramsevik and Grimstad, Maren and Lohndal, Terje and {\AA}farli, Tor Anders},
	journal = {Journal of Comparative Germanic Linguistics},
	number = {2},
	pages = {189--209},
	sortname = {Riksem, Brita Ramsevik and Grimstad, Maren and Lohndal, Terje and {\AA}farli, Tor Anders},
	title = {Language mixing within verbs and nouns in {A}merican {N}orwegian},
	volume = {22},
	year = {2019},
}

@article{riksem2017,
	author = {Riksem, Brita Ramsevik},
	journal = {Languages},
	number = {3},
	pages = {29},
	title = {Language mixing and diachronic change: {A}merican {N}orwegian noun phrases then and now},
	volume = {2},
	year = {2017}
}

@article{PutnamEtAl2018,
	author = {Putnam, Michael T. and Carlson, Matt and Reitter, David},
	journal = {Frontiers in {P}sychology},
	pages = {2212},
	title = {Integrated, not isolated: {D}efining typological proximity in an integrated multilingual architecture},
	volume = {8},
	year = {2018}
}

@article{prevost2000,
	author = {Philippe Prévost and Lydia White},
	journal = {Second Language Research},
	number = {1},
	pages = {103--133},
	title = {Missing surface inflection or impairment in second language acquisition?},
	volume = {16},
	year = {2000},
}

@article{peter2008,
	author = {Peter, Lizette and Hirata-Edds, Tracy and Montgomery-Anderson, Bradley},
	journal = {International Journal of Applied Linguistics},
	number = {2},
	pages = {166--189},
	title = {Verb development by children in the {C}herokee language immersion program, with implications for teaching},
	volume = {18},
	year = {2008}
}

@article{perezc2019,
	author = {Perez-Cortes, Silvia and Putnam, Michael T. and Sánchez, Liliana},
	journal = {Languages},
	number = {4},
	pages = {81},
	sortname = {Perez-Cortes, Silvia and Putnam, Michael T. and Sanchez, Liliana},
	title = {Differential access: {A}symmetries in accessing features and building representations in heritage language grammars},
	volume = {4},
	year = {2019},
}

@article{nagy2015sociolinguistic,
	author = {Nagy, Naomi},
	journal = {Lingua},
	pages = {309--327},
	publisher = {Elsevier},
	title = {A sociolinguistic view of null subjects and {{VOT}} in {T}oronto heritage languages},
	volume = {164},
	year = {2015}
}

@article{nagy2011,
	author = {Nagy, Naomi},
	journal = {Rassegna Italiana di Linguistica Applicata},
	number = {1-2},
	pages = {65--84},
	title = {A multilingual corpus to explore geographic variation},
	volume = {41},
	year = {2011}
}

@article{nagy2009heritage,
	author = {Nagy, Naomi},
	journal = {Accessed Nov},
	pages = {2010},
	title = {Heritage language variation and change in {T}oronto},
	url = {http://ngn.artsci.utoronto.ca/HLVC},
	volume = {3},
	year = {2009}
}

@article{mayer2014creating,
	author = {Mayer, Thomas and Cysouw, Michael},
	journal = {Oceania},
	number = {273},
	pages = {40},
	title = {Creating a massively parallel {Bible} corpus},
	volume = {135},
	year = {2014}
}

@article{maximizexp,
	author = {Alexiadou, Artemis and Driemel, Imke and Hein, Johannes and Martin, Fabienne and Nie, Yining},
	journal = {Ms., HU Berlin},
	number = {},
	pages = {},
	title = {Formalization of Commission Errors: {{{U}}}nderassociation and {Minimize Exponence}},
	volume = {},
	year = {2021},
}

@article{mattissen2004structural,
	author = {Mattissen, Johanna},
	journal = {Word},
	number = {2},
	pages = {189--216},
	publisher = {Taylor \& Francis},
	title = {A structural typology of polysynthesis},
	volume = {55},
	year = {2004}
}

@article{lupyandale2010,
	author = {Gary Lupyan and Rick Dale},
	doi = {10.1371/journal.pone.0008559},
	journal = {PLOS One},
	number = {1},
	pages = {e8559},
	title = {Language structure is partly determined by social structure},
	volume = {5},
	year = {2010}
}

@article{lardiere1998,
	author = {Lardiere, Diane},
	journal = {Second Language Research},
	number = {4},
	pages = {359--375},
	title = {Dissociating syntax from morphology in a divergent {L}2 end-state grammar},
	volume = {14},
	year = {1998},
}

@article{lalekoscontras2021,
	author = {Oksana Laleko and Gregory Scontras},
	doi = {10.1163/15507076-12340009},
	journal = {Heritage Language Journal},
	pages = {1--37},
	number = {2},
	title = {On the many dimensions of complexity in heritage languages},
	volume = {18},
	year = {2021},
	ids = {LalekoScontras2021}
}

@article{koplenig2017statistical,
	author = {Koplenig, Alexander and Meyer, Peter and Wolfer, Sascha and Mueller-Spitzer, Carolin},
	journal = {PLOS One},
	number = {3},
	pages = {e0173614},
	publisher = {Public Library of Science San Francisco, CA USA},
	title = {The statistical trade-off between word order and word structure: {Large}-scale evidence for the principle of least effort},
	volume = {12},
	year = {2017}
}

@article{kolmogorov1968,
	author = {Andrey N. Kolmogorov},
	journal = {International Journal of Computer Mathematics},
	number = {1-4},
	pages = {157--168},
	title = {Three approaches to the quantitative definition of information},
	volume = {2},
	year = {1968}
}

@article{kimetal2009,
	author = {Kim, Ji-Hye and Montrul, Silvina and Yoon, James},
	journal = {Language Acquisition},
	number = {},
	pages = {3--35},
	title = {Binding interpretation of anaphors in {K}orean heritage speakers},
	volume = {16},
	year = {2009},
}

@incollection{juola2008assessing,
	author = {Juola, Patrick},
	booktitle = {Language complexity: {Typology}, contact, change},
	pages = {89--108},
	title = {Assessing linguistic complexity},
	editor = {Miestamo, Matti and Karlsson, Fred and Sinnemäki, Kaius},
	year = {2008},
	series = {Studies in Language Companion Series},
	number = {94},
	location = {Amsterdam, The Netherlands},
	publisher = {John Benjamins}
}

@article{juola1998measuring,
	author = {Juola, Patrick},
	journal = {Journal of Quantitative Linguistics},
	number = {3},
	pages = {206--213},
	publisher = {Taylor \& Francis},
	title = {Measuring linguistic complexity: {{T}}he morphological tier},
	volume = {5},
	year = {1998}
}

@article{hoppetalwh,
	author = {Hopp, Holger and Putnam, Michael T. and Vosburg, Nora},
	journal = {Linguistic Approaches to Bilingualism},
	number = {3},
	pages = {341--375},
	title = {Derivational complexity vs. transfer effects. {{L}}ong-distance \emph{wh}-movement in heritage and {L}2 grammars},
	volume = {9},
	year = {2019}
}

@article{heinetal2022,
	author = {Hein, Johannes and Martin, Fabrienne and Nie, Yining and Alexiadou, Artemis},
	journal = {Talk given at WCCFL 40, Stanford University, May 13-15},
	number = {},
	pages = {},
	title = {Minimizing and maximizing exponence in child language},
	volume = {},
	year = {2022},
}

@article{haspelmath2011,
	author = {Haspelmath, Martin},
	journal = {Folia Linguistica},
	number = {1},
	pages = {31--80},
	title = {The indeterminancy of word segmentation and the nature of morphology and syntax},
	volume = {45},
	year = {2011}
}

@article{gutierrez2020productivity,
	author = {Gutierrez-Vasques, Ximena and Mijangos, Victor},
	journal = {Entropy},
	number = {1},
	pages = {48},
	publisher = {Multidisciplinary Digital Publishing Institute},
	title = {Productivity and Predictability for Measuring Morphological Complexity},
	volume = {22},
	year = {2020}
}

@article{ehretszmrecsanyi2019,
	author = {Katharina Ehret and Benedikt Szmrecsanyi},
	journal = {Second Language Research},
	number = {1},
	pages = {23--45},
	title = {Compressing learner language: {{A}}n information-theoretic measure of complexity in {SLA} production data},
	volume = {35},
	year = {2019}
}

@article{bousquette2020,
	author = {Bousquette, Joshua and Putnam, Michael T.},
	journal = {Language Learning},
	number = {S1},
	pages = {188--225},
	title = {Reassessing language death: {{E}}vidence from moribund grammars},
	volume = {70},
	year = {2020}
}

@article{bolonyai2007vulnerable,
	author = {Bolonyai, Agnes},
	journal = {International Journal of Bilingualism},
	number = {1},
	pages = {3--23},
	publisher = {SAGE Publications UK},
	location = {London, England},
	title = {({I}n)vulnerable agreement in incomplete bilingual {L}1 learners},
	volume = {11},
	year = {2007}
}

@article{bol2000,
	author = {Bolonyai, Agnes},
	journal = {International Journal of Bilingualism},
	number = {1},
	pages = {81--106},
	title = {``{{E}}lective affinities": {{L}}anguage contact in the abstract lexicon and its structural consequences},
	volume = {4},
	year = {2000},
}

@article{alexiadoulohndal2018,
	author = {Alexiadou, Artemis and Lohndal, Terje},
	journal = {Frontiers in Psychology},
	pages = {1719},
	title = {Units of Language Mixing: {{A}} Cross-Linguistic Perspective},
	volume = {9},
	year = {2018},
}

@article{alexiadou2021,
	author = {Alexiadou, Artemis},
	journal = {Talk given at 46. Österreichische Linguistik-Tagung, December 9-12},
	number = {},
	pages = {},
	title = {Multiple exponence: {{S}}ometimes two is better than one},
	volume = {},
	year = {2021},
}

@article{alexiadou2017,
	author = {Alexiadou, Artemis},
	journal = {Zeitschrift für Sprachwissenschaft},
	pages = {165--192},
	title = {Building verbs in language mixing varieties},
	volume = {36},
	year = {2017},
}

@article{ackerman2013,
	author = {Ackerman, Farrell and Malouf, Robert},
	journal = {Language},
	number = {3},
	pages = {429--464},
	title = {Morphological organization: {{T}}he {L}ow {C}onditional {{E}}ntropy {C}onjecture},
	volume = {89},
	year = {2013},
}

@article{YipMatthews2000,
	author = {Virginia Yip and Stephen Matthews},
	journal = {Bilingualism: Language and Cognition},
	number = {3},
	pages = {193--208},
	title = {Syntactic Transfer in a {{Cantonese}}-{{English}} Bilingual Child},
	volume = {3},
	year = {2000}
}

@article{Ximenes2004,
	author = {Ximenes, Cristina},
	journal = {MIT Working Papers in Linguistics},
	pages = {179--194},
	title = {Preposition contraction in coordinated structures in {{Brazilian Portuguese}}},
	volume = {47},
	year = {2004}
}

@article{WieseAlexiadouAllenBunkGagarinaIefremenkoMartynovaPashkovaRizouSchroederShadrovaSzucsichTracyTsehayeZerbianZuban2022,
	author = {Heike Wiese and Artemis Alexiadou and Shanley Allen and Oliver Bunk and Natalia Gagarina and Kateryna Iefremenko and Maria Martynova and Tatiana Pashkova and Vicky Rizou and Christoph Schroeder and Anna Shadrova and Luka Szucsich and Rosemarie Tracy and Wintai Tsehaye and Sabine Zerbian and Yulia Zuban},
	journal = {Frontiers in Psychology},
	pages = {717973},
	title = {Heritage Speakers as Part of the Native Language Continuum},
	volume = {12},
	year = {2022}
}

@article{ValleHootCabrelli,
	author = {Jose Sequeros-Valle and Bradley Hoot and Jennifer Cabrelli},
        title={{Clitic-doubled left dislocation in heritage Spanish: judgment versus production data}},
	doi = {10.3390/languages5040047},
	journal = {Languages},
        volume={5},
	number = {4},
	pages = {47},
	year = {2020},
}

@article{TsimpliSoraceHeycockFiliaci2004,
	author = {Ianthi Tsimpli and Antonella Sorace and Caroline Heycock and Francesca Filiaci},
	journal = {International Journal of Bilingualism},
	number = {3},
	pages = {257--277},
	title = {First Language Attrition and Syntactic Subjects: {{A}} Study of {{Greek}} and {{Italian}} Near-Native Speakers of {{English}}},
	volume = {8},
	year = {2004}
}

@Article{Tsimpli2014,
  author  = {Tsimpli, Ianthi},
  journal = {Linguistic Approaches to Bilingualism},
  title   = {Early, late or very late? {{T}}iming acquisition and bilingualism},
  year    = {2014},
  number  = {3},
  pages   = {283--313},
  volume  = {4},
}

@article{TsehayeEtAl2021,
	author = {Wintai Tsehaye and Tatiana Pashkova and Rosemarie Tracy and Shanley E. M. Allen},
	doi = {10.3389/fpsyg.2021.717352},
	journal = {Frontiers in Psychology},
	title = {Deconstructing the native speaker: {{F}}urther evidence from heritage speakers for why this horse should be dead!},
	volume = {12},
	year = {2021}
}

@article{Trubetzkoy31,
	author = {Nicolay Trubetzkoy},
	journal = {Travaux du Cercle Linguistique de Prague},
	pages = {96--116},
	title = {Die phonologischen {S}ysteme},
	volume = {4},
	year = {1931}
}

@article{Terenghi2022Ls,
	author = {Silvia Terenghi},
	doi = {10.3390/languages7030201},
	journal = {Languages},
	number = {3},
	pages = {201},
	title = {Demonstrative systems are not affected by contact: {{E}}vidence from heritage southern {I}talo-{R}omance},
	volume = {7},
	year = {2022},
}

@article{SoraceFiliaci2006,
	author = {Antonella Sorace and Francesca Filiaci},
	journal = {Second Language Research},
	number = {3},
	pages = {339--368},
	title = {Anaphora Resolution in Near-Native Speakers of {{Italian}}},
	volume = {22},
	year = {2006}
}

@article{Sorace2011,
	author = {Sorace, Antonella},
	doi = {10.1075/lab.1.1.01sor},
	title = {Pinning down the concept of “interface” in bilinguals},
	volume = 1,
	number       = 1,
	pages        = {1--33},
	year = 2011,
	journal      = {Linguistic Approaches to Bilingualism}
}

@article{SiegelSzmrecsanyiKortmann2014,
	author = {Jeff Siegel and Benedikt Szmrecsanyi and Bernd Kortmann},
	journal = {Journal of Pidgin and Creole Languages},
	number = {1},
	pages = {49--85},
	title = {Measuring Analyticity and Syntheticity in creoles},
	volume = {29},
	year = {2014}
}

 

@article{sherkinalieber2015,
    ids = {Sherkina-Lieber2015},
	author = {Sherkina-Lieber, Marina},
	journal = {Linguistic Approaches to Bilingualism},
	number = {1},
	pages = {30--61},
	title = {Tense, aspect, and agreement in heritage {L}abrador {I}nuttitut: {{D}}o receptive bilinguals understand functional morphology?},
	volume = {5},
	year = {2015}
}

@article{ScontrasPutnam2020,
	author = {Scontras, Gregory and Michael T. Putnam},
	journal = {Heritage Language Journal},
	number = {2},
	pages = {152--155},
	title = {Lesser-studied Heritage Languages: {{A}}n appeal to the dyad},
	volume = {17},
	year = {2020}
}

@article{ScontrasPolinskyTsaiMai2017,
	author = {Gregory Scontras and Maria Polinsky and C.-Y. Edwin Tsai and Kenneth Mai},
	journal = {Glossa},
	number = {1},
	pages = {1--28},
	title = {Cross-Linguistic Scope Ambiguity: {{W}}hen Two Systems Meet},
	volume = {2},
	year = {2017}
}

@Article{Savedra2020,
  author  = {Guimarães Savedra, Monica Maria},
  journal = {Revista Diadorim},
  title   = {{Language vitality and transculturalization of European immigrant minorities: Pomeranian in Brazil}},
  year    = {2020},
  pages   = {79--92},
  volume  = {22},
}

 @article{RothmanTreffersDaller2014,
	author = {Jason Rothman and Jeanine Treffers-Daller},
	journal = {Applied Linguistics},
	number = {1},
	pages = {93--98},
	title = {A Prolegomenon to the Construct of the Native Speaker: {{H}}eritage Speaker Bilinguals are Natives Too!},
	volume = {35},
	year = {2014}
}

@article{PolinskyKagan2007,
	author = {Maria Polinsky and Olga Kagan},
	journal = {Language and Linguistics Compass},
	number = {5},
	pages = {368--395},
	title = {Heritage Languages: {{I}}n the “Wild” and in the Classroom},
	volume = {1},
	year = {2007}
}

@article{Polinsky2008Gender,
	author = {Maria Polinsky},
	journal = {Heritage Language Journal},
	number = {1},
	pages = {40--71},
	title = {Gender under Incomplete Acquisition: {{H}}eritage Speakers' Knowledge of Noun Categorization},
	volume = {6},
	year = {2008}
}

@article{Polinsky2006,
	author = {Maria Polinsky},
	journal = {Journal of Slavic Linguistics},
	number = {2},
	pages = {191--262},
	title = {Incomplete Acquisition: {{American}} {{Russian}}},
	volume = {14},
	year = {2006}
}

@article{PiresRothman2009,
	author = {Pires, Acrisio and Rothman, Jason},
	doi = {10.1177/1367006909339806},
	journal = {International Journal of Bilingualism},
	number = {2},
	pages = {211--238},
	title = {Disentangling sources of incomplete acquisition: {A}n explanation for competence divergence across heritage grammars},
	volume = {13},
	year = {2009}
}

@article{ParadisNicoladisGenesee2000,
	author = {Johanne Paradis and Elena Nicoladis and Fred Genesee},
	journal = {Bilingualism: Language and Cognition},
	number = {3},
	pages = {245--261},
	title = {{E}arly emergence of Structural Constraints on Code-Mixing: {{{E}}}vidence from {{French}--{E}nglish} Bilingual Children},
	volume = {3},
	year = {2000}
}

@article{Nicoladis2006,
	author = {Elena Nicoladis},
	journal = {Bilingualism: Language and Cognition},
	number = {1},
	pages = {15--32},
	title = {Cross-Linguistic Transfer in Adjective-Noun Strings by Preschool Bilingual Children},
	volume = {9},
	year = {2006}
}

@article{Nicoladis2002,
	author = {Elena Nicoladis},
	journal = {Brain and Language},
	number = {1--3},
	pages = {635--648},
	title = {The Cues that Children Use in Acquiring Adjectival Phrases and Compound Nouns: {{{E}}}vidence from Bilingual Children},
	volume = {81},
	year = {2002}
}

@article{NashVaradhan2011,
	author = {John C. Nash and Ravi Varadhan},
	journal = {Journal of Statistical Software},
	number = {9},
	pages = {1--14},
	title = {Unifying Optimization Algorithms to Aid Software System Users: {{O}}ptimx for {R}},
	volume = {43},
	year = {2011}
}

@article{Nash2014,
	author = {John C. Nash},
	journal = {Journal of Statistical Software},
	number = {2},
	pages = {1--14},
	title = {On Best Practice Optimization Methods in {R}},
	volume = {60},
	year = {2014}
}

@article{Montrul2010Dominant,
	author = {Silvina Montrul},
	journal = {Second Language Research},
	number = {3},
	pages = {293--327},
	title = {Dominant Language Transfer in {{Spanish}} {L2} Learners and Heritage Speakers},
	volume = {26},
	year = {2010}
}

@article{Montrul2008b,
	author = {Silvina Montrul},
	journal = {Second Language Research},
	number = {4},
	pages = {487--506},
	title = {Second Language Acquisition Welcomes the Heritage Language Learner: {{O}}pportunities of a New Field},
	volume = {24},
	year = {2008}
}

@article{McWhorter2001,
	author = {McWhorter, John H.},
	doi = {10.1515/lity.2001.001},
	journal = {Linguistic Typology},
	number = {2--3},
	pages = {125--166},
	title = {The world's simplest grammars are creole grammars},
	volume = {5},
	year = {2001},
}

@article{LohndalPutnam2021,
	author = {Lohndal, Terje and Michael T. Putnam},
	title = {The tale of two lexicons: {{D}}ecomposing complexity across a distributed lexicon},
	volume = 18,
	number       = 2,
	pages        = {1--29},
	year = 2021,
	journal      = {Heritage Language Journal},
	ids = {lohnput21}
}

@article{LiThompson1977,
	author = {Li, Charles N. and Sandra Thompson},
	title = {The acquisition of tone in {{Mandarin}}-speaking children},
	volume = 4,
	pages        = {185--199},
	year = 1977,
	journal      = {Journal of Child Language}
}

@article{Levy2008,
	author = {Levy, Roger},
	title = {Expectation-based syntactic comprehension},
	volume = 3,
	number       = 106,
	pages        = {1126--1177},
	year = 2008,
	journal      = {Cognition}
}

@article{LalekoPolinsky2017,
	author = {Oksana Laleko and Maria Polinsky},
	doi = {10.1515/zfs-2017-0007},
	journal = {Zeitschrift für Sprachwissenschaft},
	number = {1},
	pages = {135--163},
	title = {Silence is difficult: {O}n missing elements in bilingual grammars},
	volume = {36},
	year = {2017}
}

@article{KupischPolinsky2022,
	author = {Kupisch, Tanja and Polinsky, Maria},
	doi = {10.1017/S1366728921000997},
	journal = {{Bilingualism: Language and Cognition}},
	number = {1},
	pages = {1--12},
	title = {Language history on fast forward: {I}nnovations in heritage languages and diachronic change},
	volume = {25},
	year = {2022},
}

@article{HoppPutnam2015,
	author = {Hopp, Holger and Michael T. Putnam},
	doi = {10.1075/lab.5.2.02hop},
	journal = {Linguistic Approaches to Bilingualism},
	number = {2},
	pages = {180--213},
	title = {Syntactic restructuring in heritage grammars: {W}ord order variation in {Moundridge Schweitzer {German}}},
	volume = {5},
	year = {2015}
}

@article{HolmesPutnam2020,
	author = {Holmes, Bonnie C. and Michael T. Putnam},
	title = {Mental representations in receptive multilingual grammars},
	volume = 10,
	number       = 3,
	pages        = {309--314},
	year = 2020,
	journal      = {Linguistic Approaches to Bilingualism}
}

@article{HayashiMurphy2013,
	author = {Yuko Hayashi and Victoria A. Murphy},
	journal = {Bilingualism: Language and Cognition},
	number = {1},
	pages = {49--67},
	title = {On the Nature of Morphological awareness in {{Japanese}}-{{English}} Bilingual Children: {{A}} Cross-Linguistic Perspective},
	volume = {16},
	year = {2013}
}

@Article{HarleyNoyer1999,
  author  = {Harley, Heidi and Ralph Noyer},
  journal = {GLOT International},
  title   = {State-of-the-Article: {Distributed Morphology}},
  year    = {1999},
  pages   = {3--9},
  volume  = {4},
}

 

@article{Harbour2014,
	author = {Harbour, Daniel},
	doi = {10.1353/lan.2014.0003},
	journal = {Language},
	number = {1},
	pages = {185--229},
	title = {Paucity, abundance, and the theory of number},
	volume = {90},
	year = {2014},
}

@article{Harbour2011,
	author = {Harbour, Daniel},
	doi = {10.1007/s11525-010-9167-0},
	journal = {Morphology},
	pages = {223--245},
	title = {Descriptive and explanatory markedness},
	volume = {21},
	year = {2011},
}

@article{GrinsteadEtAl2018,
	author = {Grinstead, John and Vega-Mendoza, Maria and Goodall, Grant},
	journal = {Language},
	pages = {575--610},
	title = {Inversion and finiteness in {{Spanish}} and {{English}}: {{D}}evelopmental evidence from the optional infinitive and optional inversion stages},
	volume = {94},
	year = {2018}
}

@Article{Gewirtz1996,
  author  = {Gewirtz, Paul},
  journal = {The Yale Law Journal},
  title   = {{On `I Know It When I See It.’}},
  year    = {1996},
  pages   = {1023--1047},
  volume  = {105},
}

 

@article{FoxGrodzinsky1998,
	author = {Fox, Danny and Grodzinsky, Yosef},
	title = {Children's Passive: {{A}} View from the By-Phrase},
	volume = 29,
	number       = 2,
	pages        = {311--332},
	year = 1998,
	journal      = {Linguistic Inquiry}
}

@Article{DromiBerman1986,
  author  = {Dromi, Esther and Berman, Ruth A.},
  journal = {Journal of Child Language},
  title   = {Language-specific and Language-general in developing Syntax},
  year    = {1986},
  pages   = {371--381},
  volume  = {13},
}

@article{DAlessandroEtAl2021,
	author = {D'Alessandro, Roberta and Natvig, David and Putnam, Michael T.},
	doi = {10.3389/fpsyg.2021.700126},
	journal = {{Frontiers in Psychology}},
	pages = {700126},
	sortname = {D'Alessandro, Roberta and Natvig, David and Putnam, Michael T.},
	title = {Addressing Challenges in Formal Research on Moribund Heritage Languages: {A} Path Forward},
	volume = {12},
	year = {2021},
}

@article{DAlessandro2021,
	author = {D'Alessandro, Roberta},
	doi = {10.1146/annurev-linguistics-011619-030311},
	journal = {Annual Review of Linguistics},
	number = {1},
	pages = {309--328},
	sortname = {D'Alessandro, Roberta},
	title = {Syntactic Change in Contact: {R}omance},
	volume = {7},
	year = {2021},
}

@article{ClahsenFelser2006,
	author = {Clahsen, Harald and Felser, Claudia},
	journal = {Applied Psycholinguistics},
	pages = {3--42},
	title = {Grammatical processing in language learners},
	volume = {27},
	year = {2006}
}

@article{Chomsky2013,
	author = {Chomsky, Noam},
	doi = {10.1016/j.lingua.2012.12.003},
	journal = {Lingua},
	pages = {33--49},
	title = {Problems of projection},
	volume = {130},
	year = {2013}
}

@article{BjorkmanEtAl2019,
	author = {Bjorkman, Bronwyn M. and Cowper, Elizabeth and Hall, Daniel Currie and Peters, Andrew},
	doi = {10.1017/cnj.2019.13},
	journal = {Canadian Journal of Linguistics},
	number = {4},
	pages = {574--591},
	title = {Person and deixis in {H}eiltsuk pronouns},
	volume = {64},
	year = {2019},
}

@article{Biberauer2019b,
	author = {Biberauer, Theresa},
	doi = {10.5565/rev/catjl.219},
	journal = {Catalan Journal of Linguistics},
	pages = {45--88},
	title = {Factors 2 and 3: {T}owards a principled explanation},
	volume = {2019 {S}pecial Issue: {G}enerative Syntax. {Q}uestions, {C}rossroads, and {C}hallenges},
	year = {2019},
}

@article{Biberauer2017,
	author = {Biberauer, Theresa},
	doi = {www.mmll.cam.ac.uk/files/copil_10_3_biberauer.pdf},
	journal = {{Cambridge Occasional Papers in Linguistics}},
	pages = {38--65},
	title = {Factors 2 and 3: {A} principled approach},
	volume = {10},
	year = {2017},
}

@article{BenmamounMontrulPolinsky2013Defining,
	author = {Benmamoun, Elabbas and Montrul, Silvina and Polinsky, Maria},
	journal = {Theoretical Linguistics},
	number = {3--4},
	pages = {259--294},
	title = {Defining an ``Ideal'' Heritage Speaker: {{T}}heoretical and Methodological Challenges (Reply to Peer Commentaries)},
	volume = {39},
	year = {2013}
}

@article{BatesMaechlerBolkerWalker2015,
	author = {Bates, Douglas and Maechler, Martin and Bolker, Ben and Walker, Steve},
	journal = {Journal of Statistical Software},
	number = {1},
	pages = {1--48},
	title = {Fitting Linear Mixed-Effects Models Using lme4},
	volume = {67},
	year = {2015}
}

@article{BarwiseCooper1981,
	author = {Barwise, Jon and Cooper, Robin},
	doi = {10.1007/BF00350139},
	journal = {{Linguistics and Philosophy}},
	pages = {159--219},
	title = {Generalized quantifiers and natural language},
	volume = {4},
	year = {1981},
}

@article{AppahAmfo2011,
	author = {Clement K. I. Appah and Nana Aba Appiah Amfo},
	journal = {Lexis},
	pages = {85--103},
	title = {The Morphopragmatics of Diminutive Morpheme (-\textit{ba}/-\textit{wa}) in {{Akan}}},
	volume = {6},
	year = {2011}
}

@article{AndrianiEtAl2022b,
	author = {Andriani, Luigi and D'Alessandro, Roberta and Frasson, Alberto and van Osch, Brechje and Sorgini, Luana and Terenghi, Silvia},
	doi = {10.16995/glossa.5748},
	journal = {Glossa},
	number = {1},
	pages = {1--36},
	sortname = {Luigi Andriani and Roberta D'Alessandro and Alberto Frasson and Brechje van Osch and Luana Sorgini and Silvia Terenghi},
	title = {Adding the microdimension to the study of language change in contact. {T}hree case studies.},
	volume = {7},
	year = {2022},
}

@article{AlbiriniEtAl2011,
	author = {Albirini, Abdulkafi and  Benmamoun, Elabbas and Saadah, Eman},
	journal = {Studies in Second Language Acquisition},
	number = {2},
	pages = {273--303},
	title = {Grammatical features of {{E}}gyptian and {P}alestinian {A}rabic heritage speakers' oral production},
	volume = {45},
	year = {2011}
}

@article{AlbiriniBenmamoun2014,
	author = {Abdulkafi Albirini and Elabbas Benmamoun},
	doi = {10.1177/1367006912441729},
	journal = {{International Journal of Bilingualism}},
	number = {3},
	pages = {244--273},
	title = {Aspects of second language transfer in the oral production of {{Egyptian} and Palestinian} heritage speakers},
	volume = {18},
	year = {2014},
}

@article{Albirini2014,
	author = {Abdulkafi Albirini},
	doi = {10.1177/1367006912472404},
	journal = {{International Journal of Bilingualism}},
	number = {6},
	pages = {730--765},
	title = {Toward understanding the variability in the language proficiencies of {A}rabic heritage speakers},
	volume = {18},
	year = {2014}
}

@book{chomsky1982,
	address = {Cambridge, MA},
	author = {Noam Chomsky},
	publisher = {MIT Press},
	title = {Some Concepts and Consequences of the Theory of Government and Binding},
	year = {1982}
}

@book{Comrie1981,
	address = {Oxford},
	author = {Bernard Comrie},
	publisher = {Basil Blackwell},
	title = {Language Universals and Linguistic Typology},
	year = {1981}
}

@Article{GrenobleOsipov2023,
  author  = {Grenoble, Lenore A. and Osipov, Boris},
  journal = {Linguistic Approaches to Bilingualism},
  title   = {Understanding language shift},
  year    = {2023},
  number  = {1},
  pages   = {122--132},
  volume  = {13},
  doi     = {10.1075/lab.22100.gre},
}

@article{shannon48a,
    author ={Shannon, Claude E.},
    title ={A mathematical theory of communication},
    journal ={Bell System Technical Journal},
    voume={27},
    issue={3},
    pages={379--423},
    year = {1948},
}

@article{shannon48b,
    author ={Shannon, Claude E.},
    title ={A mathematical theory of communication},
    journal ={Bell System Technical Journal},
    voume={27},
    issue={4},
    pages={623--656},
    year = {1948},
}

@incollection{laleko23,
    author ={Laleko, Oksana},
    title ={Word order, prosody, and the expression of information in a heritage language},
    booktitle ={Heritage languages and syntactic theory},
    editor={D'Alessandro, Roberta and Putnam, Michael T. and Terenghi, Silvia},
    publisher = {Oxford University Press},
    location = {Oxford, UK},
    pubstate = {forthcoming},
}

@incollection{AndrianiDAlessandro22,
    author ={Andriani, Luigi and D'Alessandro, Roberta},
    title ={{D,T,C drop in heritage Italo-Romance in NYC: Some descriptive generalizations}},
    booktitle ={{A life in linguistics: A festschrift for Alexandra Cornilescu on her 75th birthday}},
    editor={Alboiu, Gabriela and Isac, Daniela and Nicolae, Alexandru and Tănase-Dogaru, Mihaela and Tigău, Alina},
    publisher ={Bucharest University Press},
    location = {Bucharest, Romania},
    year ={2022}, 
    pages={41--78},
}

@article{VanDijk2021,
	author = {van Dijk, Chantal and Elise van Wonderen and Elly Koutamanis and Gerrit Jan Kootstra and Ton Dijkstra and Sharon Unsworth},
	year = {2022},
	title = {Cross-linguistic influence in simultaneous and early sequential bilingual children: {A} meta-analysis},
	journal = {Journal of Child Language},
	doi = {10.1017/S0305000921000337},
	volume = {49},
	number = {5},
	pages = {897--929}
}

@incollection{DAlessandroEtAlIP,
	author={D'Alessandro, Roberta and Andriani, Luigi and Frasson, Alberto and Pinto, Manuela and Sorgini, Luana and Terenghi, Silvia}, 
	title={Microcontact and syntactic theory}, 
	booktitle={Heritage languages and syntactic theory}, 
	editor={D'Alessandro, Roberta and Putnam, Michael T. and Terenghi, Silvia}, 
	location = {Oxford, UK},
	publisher={Oxford University Press}, 
	pubstate={forthcoming},
}

@article{ArmonLotemLely2016,
	title        = {A large-scale cross-linguistic investigation of the acquisition of passive},
	author       = {Sharon Armon-Lotem and  Ewa Haman and  Kristine Jensen de López and  Magdalena Smoczynska and  Kazuko Yatsushiro and  Marcin Szczerbinski and  Angeliek van Hout and  Ineta Dabašinskienė and Anna Gavarró and Erin Hobbs and Laura Kamandulytė-Merfeldienė and  Napoleon Katsos and  Sari Kunnari and  Chrisa Nitsiou and  Lone Sundahl Olsen and  Xavier Parramon and  Uli Sauerland and  Reeli Torn-Leesik and Heather van der Lely},
	year         = {2016},
	journal      = {Language Acquisition},
	volume       = {23},
	number       = {1},
	pages        = {27--56},
	urldate      = {1080/1048},
	doi          = {10.1080/10489223.2015.1047095},
}

@incollection{Armon-Lotem2005,
	title        = {The Acquisition of Subordination: {From} Preconjunctionals to Later Use},
	author       = {Armon-Lotem, Sharon},
	year         = 2005,
	booktitle    = {Perspectives on language and language development},
	address = {Dordrecht},
	publisher    = {Kluwer},
	pages        = {192--204},
	editor       = {Ravid, Dorit  and Shyldkrot, Hava Bat-Zeev}
}

@phdthesis{Batalha2018,
	title        = {Relações entre o Conhecimento Explícito da Língua e a Competência de Leitura},
	author       = {Batalha, Joana},
	year         = 2018,
	school       = {Nova University of Lisbon}
}

@Article{BloomHafitz1980,
  author  = {Bloom, Lois and Lifter, Karin and Hafitz, Jeremie},
  journal = {Language},
  title   = {Semantics of verbs and the development of verb inflection in child language},
  year    = {1980},
  pages   = {386--412},
  volume  = {56},
}

@Article{BongartzTorregrossa2020,
  author  = {Bongartz, Christiane and Torregrossa, Jacopo},
  journal = {International Journal of Bilingual Education and Bilingualism},
  title   = {The effects of balanced biliteracy on {Greek}-{German} bilingual children’s secondary discourse ability},
  year    = {2020},
  pages   = {948--963},
  volume  = {23},
  doi     = {10.1080/13670050.2017.1355888},
}

@incollection{Bowerman1979,
	title        = {The acquisition of complex sentences},
	author       = {Bowerman, Melissa},
	year         = 1979,
	booktitle    = {Language Acquisition},
	publisher    = {Cambridge University Press},
	address      = {Cambridge},
	pages        = {285--306},
	editor       = {Fletcher, Paul and Garman, Michael}
}

@Article{Brito2018,
  author  = {Brito, Edvan P.},
  journal = {Revista do GEL},
  title   = {The variation of obligatory preposition-article contractions in the interlanguage of adult learners of {Portuguese}},
  year    = {2018},
  pages   = {241--256},
  volume  = {15},
}

@mastersthesis{Catalão2011,
	author       = {Charneca Catalão, M. Florentina},
	year         = 2011,
	title    	 = {Os padrões de uso dos pronomes pessoais àtonos em português europeu},
	school       = {University of Évora}
}

@Article{ChungAhn2019,
  author  = {Chung, Eun Seong and Ahn, Soojing},
  journal = {Language Research},
  title   = {Examining cloze tests as a measure of linguistic complexity in {L2} writing},
  year    = {2019},
  pages   = {627--649},
  volume  = {55},
}

@article{ClahsenRoca2002,
	title        = {The development of regular and irregular verb inflection in {Spanish} child language},
	author       = {Clahsen, Harald and  Aveledo, Fraibert and Roca, Iggy},
	year         = 2002,
	journal      = {Journal of Child Language},
	volume       = 29,
	number       = 3,
	pages        = {591--622},
	doi         = {10.1017/s0305000902005172}
}

@incollection{CostaLobo2007,
	author={Costa, João and Lobo, Maria}, 
	title={{Clitic omission, null objects or both in the acquisition of European Portuguese}}, 
	booktitle={{Romance Languages and Linguistic Theory 2005}},
	editor={Sergio Baauw and Frank Drijkoningen and Manuela Pinto}, 
	location = {Amsterdam, The Netherlands},
	publisher={John Benjamins}, 
	year={2007}, 
	pages={59--72},
	doi = {10.1075/cilt.291.06cos}
}

@incollection{CostaLobo2009,
	author = {Costa, João and Lobo, Maria}, 
	title = {Clitic omission in the acquisition of {European Portuguese}: {Data} from comprehension}, 
	booktitle = {Minimalist inquiries into child and adult language acquisition: {Case} studies across {Portuguese}}, 
	editor = {Pires, Acrisio and Rothman, Jason}, 
	address = {Berlin, Germany}, 
	publisher = {Mouton de Gruyter}, 
	pages = {63--84}, 
	year = {2009},
	doi = {10.1515/9783110215359.1.63},
}

@Article{CostaSilvaEtAl2009,
  author  = {Costa, João and Lobo, Maria and Silva, Carolina},
  journal = {Probus},
  title   = {Null objects and early pragmatics in the acquisition of {European} {Portuguese}},
  year    = {2009},
  number  = {2},
  pages   = {143--162},
  volume  = {21},
  doi     = {10.1515/prbs.2009.005},
}

@article{CostaSilva2011,
	title        = {Subject–object asymmetries in the acquisition of {Portuguese} relative clauses: {{A}}dults vs. children},
	author       = {Costa, João and Lobo, Maria and Silva, Carolina},
	year         = 2011,
	journal      = {Lingua},
	volume       = 121,
	number       = 6,
	pages        = {1083--1100},
	doi         = {10.1016/j.lingua.2011.02.001},
	sortname     = {Costa, Joao, Maria Lobo and Carolina Silva}
}

@incollection{CostaEtAl2012,
	author={Costa, João and Lobo, Maria and Silva, Carolina}, 
	title={Which category replaces an omitted clitic? {The} case of {European Portuguese}}, 
	booktitle={Pronouns and clitics in early language}, 
	editor={Larrañaga, P. and Guijarro-Fuentes, P.}, 
	publisher={Mouton de Gruyter}, 
	location = {Berlin, Germany},
	pages={105--129}, 
	year={2012},
}

@article{CostaLobo2015,
	title        = {Input variability and late acquisition: {{C}}litic misplacement in {European} {Portuguese}},
	author       = {Costa, João and Fiéis, Alexandra and Lobo, Maria},
	year         = 2015,
	journal      = {Lingua},
	volume       = 161,
	pages        = {10--26},
	doi          = {10.1016/j.lingua.2014.05.009},
	sortname     = {Costa, Joao, Alexandra Fieis and Maria Lobo}
}

@book{Diessel2004,
	title        = {The acquisition of complex sentences},
	author       = {Diessel, Holger},
	year         = 2004,
	publisher    = {Cambridge University Press}, 
	address = {Cambridge, UK}
}

@article{Estrela2015,
	title        = {The acquisition of the passive structure in {European} {Portuguese}},
	author       = {Estrela, Antónia},
	year         = 2015,
	journal      = {Journal of Child Language Acquisition and Development},
	volume       = 3,
	number       = 3,
	pages        = {153--168},
	sortname     = {Estrela, Antonia}
}

@article{FloresMarques2017,
	title        = {Age and input effects in the acquisition of mood in Heritage {Portuguese}},
	author       = {Flores, Cristina and Santos, Ana Lúcia and Jesus, Alice and Marques, Rui},
	year         = 2017,
	journal      = {Journal of Child Language},
	volume       = 44,
	number       = 4,
	pages        = {795--828},
	doi          = {10.1017/S030222},
}

@Article{FloresSopata2020,
  author  = {Flores, Cristina and Rinke, Esther and Sopata, Aldona},
  journal = {Journal of Portuguese Linguistics},
  title   = {Acquiring the distribution of null and overt direct objects in {European Portuguese}},
  year    = {2020},
  number  = {5},
  pages   = {1--20},
  volume  = {19},
  doi     = {10.5334/jpl.239},
}

@incollection{GonçalvesVinzentin2021,
	author={de Lourdes Gonçalves, Maria and Vinzentin, Miriam}, 
	title={{Portuguese in {Switzerland}: {Investigating} the representations of families and teachers}}, 
	booktitle={{Portuguese as a heritage language in {Europe}: {A} pluricentric perspective}}, 
	editor={Souza, A. and Melo-Pfeifer, S.}, 
	pages={119--150}, 
	year={2021}, 
	publisher={Pontes Editores},
        address={Campinas, Brazil},
}

@article{Hamann2006,
	title        = {Speculations about early syntax: {{T}}he production of wh-questions by normally developing {{French}} children and {{French}} children with {SLI}},
	author       = {Hamann, Cornelia},
	year         = 2006,
	journal      = {Catalan Journal of Linguistics},
	volume       = 5,
	pages        = {143--189}
}

@article{Jakubowicz2011,
	title        = {Measuring derivational complexity: {{N}}ew evidence from typically developing and {SLI} learners of {L1} {French}},
	author       = {Jakubowicz, Celia},
	year         = 2011,
	journal      = {Lingua},
	volume       = 121,
	number       = 3,
	pages        = {339--351},
	doi         = {10.1016/j.lingua.2010.10.006}
}

@article{JakubowiczNash2001,
	title        = {Functional categories and syntactic operations in (ab)normal language acquisition},
	author       = {Jakubowicz, Celia and Nash, Lea},
	year         = 2001,
	journal      = {Brain and Language},
	volume       = 77,
	pages        = {321--339}
}

@article{JesusSantos2019,
	title        = {Semantic features in the acquisition of mood in {European} {Portuguese}},
	author       = {Jesus, Alice and Marques, Rui and Santos, Ana Lúcia},
	year         = 2019,
	journal      = {Language Acquisition},
	volume       = 26,
	number       = 3,
	pages        = {302--338},
	doi         = {10.1080/10489223.2019.1570203},
}

@book{Littlefield2009,
	author       = {Littlefield, Heather},
	year         = 2009,
	title    = {Evidence from {English} prepositions and their acquisition: {A} Fine-Grained Approach to Lexical and Functional Syntactic Categories},
	address      = {Riga, Latvia},
	publisher       = {VDM Verlag Dr. Müller}
}

@article{LoboSilva2016,
	title        = {Ambiguidade pronominal em orações adverbiais do português europeu: {{C}}rianças vs. adultos},
	author       = {Lobo, Maria and Silva, Carolina},
	year         = 2016,
	journal      = {Revista da Associação Portuguesa de Linguística},
	volume       = 2,
	pages        = {319--338}
}

@Article{MontrulPerpiñán2008,
  author  = {Montrul, Silvina and Foote, Rebecca and Perpiñán, Silvia},
  journal = {Language Learning},
  title   = {Gender agreement in adult second language learners and {Spanish} heritage speakers: {{T}}he effects of age and context of acquisition},
  year    = {2008},
  pages   = {503--553},
  volume  = {58},
}

@article{MontrulIonin2010,
	title        = {Transfer effects in the interpretation of definite articles by {Spanish} heritage speakers},
	author       = {Montrul, Silvina and Ionin, Tania},
	year         = 2010,
	journal = {Bilingualism: Language and Cogntion},
	volume = {13}, 
	number = {4}, 
	pages = {449--473}, 
	doi         = {10.1017/S1366728910000040}
}

@book{O’GradyRees-Miller2010,
	title        = {Contemporary Linguistics: {An} Introduction},
	edition = {6},
	author       = {O’Grady, William and Archibald, John and Aronoff, Mark and Rees-Miller, Janie},
	year         = 2010,
	publisher    = {Bedford/St. Martin’s.},
	address      = {New York, NY},
}

@misc{Penner1995,
	title        = {Continuity constraints on paradigm formation in the acquisition of the complementizer system: {A case study in Bernese Swiss German}},
	author       = {Penner, Zvi},
	year         = 1995,
	note         = {Unpublished manuscript. University of Bern, Switzerland.}
}

@article{PicoralCarvalho2020,
	author       = {Picoral, Adriana and Ana M. Carvalho},
	year         = 2020,
	title      = {The acquisition of preposition + article contractions in {L3} {Portuguese} among different {L1}-speaking learners: {A} variationist approach},
	journal      = {Languages},
    volume       = {5},
    number =     {4},
    doi = {10.3390/languages5040045}
}

@incollection{Polinsky2008Heritage,
	author={Polinsky, Maria}, 
	title={Heritage language narratives}, 
	booktitle={Heritage language education: {A} new field emerging}, 
	editor={Donna M. Brinton and Olga Kagan and Susan Bauckus}, 
	address = {London, UK}, 
	publisher = {Routledge}, 
	pages = {149--164}, 
	year = {2008},
}


@incollection{Rauh1993,
	author={Rauh, Gisa}, 
	title={On the grammar of lexical and non-lexical prepositions in {English}},
	booktitle={The Semantics of Prepositions: {From} Mental Processing to Natural Language Processing}, 
	editor={Zelinsky-Wibbelt, C.}, 
	location = {Berlin, Germany},
	publisher={Mouton de Gruyter},
	pages={99--150},
	year={1993},
}

@incollection{Riemsdijk1990,
	author={van Riemsdijk, Henk}, 
	title={Functional preopositions}, 
	booktitle={Unity in diversity: {Papers} presented to {Simon C. Dik} on his 50th birthday},
	editor={Pinkster, Harm and Genee, Inge}, 
	address={Berlin, Germany}, 
	publisher={Mouton de Gruyter}, 
	pages={229--242}, 
	year={1990}, 
}

@Article{RinkeFlores2018,
  author  = {Rinke, Esther and Flores, Cristina},
  journal = {Glossa},
  title   = {Another look at the interpretation of overt and null pronominal subjects in bilingual language acquisition: {Heritage Portuguese in contact with German and Spanish}},
  year    = {2018},
  number  = {1},
  pages   = {68},
  volume  = {3},
  doi     = {10.5334/gjgl.535},
}

@book{Rizzi2000,
	title        = {Comparative syntax and language acquisition},
	author       = {Rizzi, Luigi},
	year         = 2000,
	publisher    = {Routledge},
	address      = {New York, NY},
}

@incollection{Santos2013,
	title        = {Early or late acquisition of inflected infinitives in {European Portuguese}? {Evidence} from spontaneous production data},
	author       = {Santos, Ana Lúcia and Rothman, Jason and Pires, Acrı́sio and Duarte, Inês},
	year         = 2013,
	editor = {Misha Becker and John Grinstead and Jason Rothman},
	booktitle    = {Generative linguistics and acquisition: {Studies} in honor of {Nina M. Hyams}},
	publisher    = {John Benjamins},
	address      = {Amsterdam, The Netherlands},
	pages        = {65--88},
	doi = {10.1075/lald.54.03san}
}

@Article{SantosHyams2016,
  author  = {Santos, Ana Lúcia and Gonçalves, Anabela and Hyams, Nina},
  journal = {Language Acquisition},
  title   = {Aspects of the acquisition of object control and {ECM}-Type verbs in {European} {Portuguese}},
  year    = {2016},
  number  = {3},
  pages   = {199--233},
  volume  = {23},
}

@mastersthesis{Santos2002,
	title        = {Os pronomes pessoais átonos no {Português} {Europeu}: {Descrição} de problemas que ocorrem no 3º ciclo e proposta de actividades didácticas},
	author       = {Nascimento Santos, M. Fernanda},
	year         = 2002,
	langid = {portuguese},
	school         = {University of Lisbon},
}

@mastersthesis{Soares1998,
	title        = {{As} Categorias Funcionais no Processo de Aquisição do {Português} {Europeu}: {Estudo} longitudinal da produção espontânea de uma criança de 1;02 aos 2;2.17 anos},
	langid       = {portuguese},
	author       = {Soares, Carla},
	year         = 1998,
	school       = {Universidade de Lisboa},
}

@article{Soares2003,
	title        = {The C-domain and the acquisition of {European} {Portuguese}: {The} case of wh-questions},
	author       = {Soares, Carla},
	year         = 2003,
	journal      = {Probus},
	volume       = 15,
	number       = 1,
	pages        = {147--176},
	doi         = {10.1515/prbs.2003.002}
}

@book{SchneiderHayward2005,
	title        = {The Edmonton Narrative Norms Instrument},
	author       = {Schneider, Phyllis and  Dubé, Rita Vis and Hayward, Denyse},
	year         = 2005,
	address      = {Retrieved from University of Alberta Faculty of Rehabilitation Medicine website},
	url         = {http://rehabresearch.ualberta.ca/enni/}
}

@Article{SoraceBaldo2009,
  author  = {Sorace, Antonella and Ludovica Serratrice and Francesca Filiaci and Michela Baldo},
  journal = {Lingua},
  title   = {Discourse conditions on subject pronoun realization: {Testing} the linguistic intuitions of older bilingual children},
  year    = {2009},
  pages   = {460--477},
  volume  = {119},
}

@incollection{Vasconcelos1995,
		author={Vasconcelos, Manuela}, 
		title={Relative clause acquisition and experimental research: {A} study with {Portuguese} children}, 
		booktitle={Studies on the acquisition of {Portuguese}},
		editor={Faria, Isabel Hub and Freitas, Maria Jo\~{a}o}, 
		address={Lisboa, Portugal}, 
		publisher={APL.Colibri}, 
		pages={115--128}, 
		year={1995},
}

@article{TorregrossaTsimpli2021,
	title        = {Bilingual acquisition of reference: {{T}}he role of language experience, executive functions and cross-linguistic effects},
	author       = {Torregrossa, Jacopo and Andreou, Maria and Bongartz, Christiane and Tsimpli, Ianthi M.},
	year         = 2021,
	journal      = {Bilingualism: Language and Cognition},
	volume       = 24,
	number       = 4,
	pages        = {694--706},
	doi          = {10.1017/S0000826}
}

@article{TorregrossaTsimpli2019,
	title        = {Bilingual reference production: {A} cognitive-computational account},
	author       = {Torregrossa, Jacopo and Bongartz, Christiane and Tsimpli, Ianthi M.},
	year         = 2019,
	journal      = {Linguistic Approaches to Bilingualism},
	volume       = 9,
	number       = {4-5},
	pages        = {569--599},
	doi 		 = {10.1075/lab.17026.tor}
}

@article{TorregrossaRinke2022,
	title        = {What modulates the acquisition of difficult structures in a heritage language? {{A}} study on {Portuguese} in contact with {French}, {German} and {Italian}},
	author       = {Torregrossa, Jacopo and Flores, Cristina  and  Rinke, Esther},
	year         = 2023,
	journal      = {Bilingualism: Language and Cognition}, 
	volume = {26}, 
	number = {1}, 
	pages = {179--192},
        doi={10.1017/S1366728922000438},
}

@article{TullerBarthez2011,
	title        = {Clitic pronoun production as a measure of atypical language development in {French}: A comparative study of {SLI}, mild-to-moderate deafness and benign epilepsy of childhood with centrotemporal Spikes},
	author       = {Tuller, Laurice and Delage, Hélène and Monjauze, Cécile and Piller, Anne-Gaëlle and Barthez, Marie-Anne},
	year         = 2011,
	journal      = {Lingua},
	volume       = 121,
	number       = 3,
	pages        = {423--441},
}

@incollection{Vasconcelos1996,
	title        = {Compreensão de frases relativas em Português Europeu},
	author       = {Vasconcelos, Manuela},
	year         = 1996,
	booktitle    = {Introdução à Linguística Geral e Portuguesa},
	publisher    = {Caminho},
	editor       = {Isabel Faria and Emília Ribeiro Pedro and Inês Duarte and Carlos A. M. Gouveia},
}

@Article{VanDijkUnsworth2021,
  author  = {van Dijk, Chantal and van Wonderen, Elise and Koutamanis, Elly and Kootstra, Gerrit Jan and Dijkstra, Ton and Unsworth, Sharon},
  journal = {Journal of Child Language},
  title   = {Cross-linguistic influence in simultaneous and early sequential bilingual children: {A} meta-analysis},
  year    = {2022},
  number  = {5},
  pages   = {1--33},
  volume  = {49},
}

@Book{nichols1992,
  author    = {Nichols, Johanna},
  publisher = {University of Chicago Press},
  title     = {Linguistic Diversity in Space and Time},
  year      = {1992},
  address   = {Chicago, IL},
}

@Article{scontrasetal2015frontiers,
  author  = {Gregory Scontras and Zuzanna Fuchs and Maria Polinsky},
  journal = {Frontiers in Psychology},
  title   = {Heritage Language and Linguistic Theory},
  year    = {2015},
  pages   = {1545},
  volume  = {6},
  doi     = {10.3389/fpsyg.2015.01545}
}

@Article{SoraceSerratrice2009,
  author  = {Sorace, Antonella and Ludovica Serratrice},
  journal = {International Journal of Bilingualism},
  title   = {Internal and external interfaces in bilingual language development: {B}eyond structural overlap},
  year    = {2009},
  number  = {2},
  pages   = {195--210},
  volume  = {13},
  doi     = {10.1177/1367006909339810},
}

@Article{RinkeFlores2014,
  author  = {Rinke, Esther and Cristina Flores},
  journal = {Bilingualism: Language and Cognition},
  title   = {Morphosyntactic knowledge of clitics by {Portuguese} heritage bilinguals},
  year    = {2014},
  number  = {4},
  pages   = {681--699},
  volume  = {17},
  doi     = {10.1017/S136672891300076X},
}

@Article{PolinskyScontras2020,
  author  = {Polinsky, Maria and Scontras, Gregory},
  journal = {Bilingualism: Language and Cognition},
  title   = {Understanding heritage languages},
  year    = {2020},
  number  = {1},
  pages   = {4--20},
  volume  = {23},
  doi     = {10.1017/S1366728919000245},
}

@Article{IsurinIvanovaSullivan2008,
  author  = {Ludmila Isurin and Tanya Ivanova-Sullivan},
  journal = {Heritage Language Journal},
  title   = {Lost in between: {{T}}he case of {{Russian}} heritage speakers},
  year    = {2008},
  number  = {1},
  pages   = {72--104},
  volume  = {6},
}

@Article{HulkMuller2000,
  author   = {Hulk, Aafke and Natascha Müller},
  journal  = {Bilingualism: Language and Cognition},
  title    = {Bilingual first language acquisition at the interface between syntax and pragmatics},
  year     = {2000},
  number   = {3},
  pages    = {227--244},
  volume   = {3},
  doi      = {10.1017/S1366728900000353},
  sortname = {Aafke Hulk and Natascha M{u}ller},
}

@Article{Haspelmath2006,
  author  = {Haspelmath, Martin},
  journal = {Journal of Linguistics},
  title   = {Against markedness (and what to replace it with)},
  year    = {2006},
  number  = {1},
  pages   = {25--70},
  volume  = {42},
  doi     = {10.1017/S0022226705003683},
}

@Article{ChanChang2019,
  author  = {Chan, Lei and Charles Chang},
  journal = {Journal of the Acoustical Society of America},
  title   = {Perception of nonnative tonal contrasts by {{{{Mandarin}}}}-{{{{English}}}} and {{{{English}}}}-{{{{Mandarin}}}} sequential bilinguals},
  year    = {2019},
  number  = {2},
  pages   = {956--972},
  volume  = {146},
  doi     = {10.1121/21.512052},
}

@Article{Varlokosta2016,
  author  = {Varlokosta, Spyridoula and Belletti, Adriana and Costa, João and Friedmann, Naama and Gavarró, Anna and Grohmann, Kleanthes K. and Guasti, Maria Teresa and Tuller, Laurice and Lobo, Maria and Andjelkovic, Darinka and Argemí, Núria and Avram, Larisa and Berends, Sanne and Brunetto, Valentina and Delage, Hélène and Ezeizabarrena Segurola, María-José andFattal, Iris and Haman, Ewa and van Hout, Angeliek and Jensen de López, Kristine M. and Katsos, Napoleon and Kologranic, Lana and Krstić, Nadezda and Kuvac Kraljevic, Jelena and Miękisz, Aneta and Nerantzini, Michaela and Queraltó, Clara and Radic, Zeljana and Ruiz, Sílvia and Sauerland, Uli and Sevcenco, Anca and Smoczyńska, Magdalena and Theodorou, Eleni and van der Lely, Heather and Veenstra, Alma and Weston, John and Yachini, Maya and Yatsushiro, Kazuko},
  journal = {Language Acquisition},
  title   = {A cross-linguistic study of the acquisition of clitic and pronoun production},
  year    = {2016},
  number  = {1},
  pages   = {1--26},
  volume  = {23},
  doi     = {10.1080/10489223.2015.1028628},
}

@Book{polinsky2018heritage,
  author    = {Maria Polinsky},
  publisher = {Cambridge University Press},
  title     = {Heritage Languages and Their Speakers},
  year      = {2018},
  address   = {Cambridge, UK},
  doi       = {10.1017/9781107252349},
  ids = {Polinsky2018,polinsky2018book}
}

@incollection{AalberseMoro2014,
	author={Aalberse, Suzanne and Moro, Francesca}, 
	title={{Stabilility in Chinese and Malay heritage languages as a source of divergence}}, 
	booktitle={Stability and divergence in language contact: {Factors} and Mechanisms}, 
	editor={Braunmüller, Kurt and Höder, Stefan and Kühl, Karoline}, 
	pages={141--162}, 
	address={Amsterdam, The Netherlands}, 
	publisher={John Benjamins}, 
	year={2014},
	doi = {10.1075/silv.16.07aal},
	series = {Studies in Language Variation},
	number = {16}
}

@incollection{AalberseZhouAndringa2017,
author={Aalberse, Suzanne and Zhou, Yiwen and Andringa, Sible}, 
title={{Extended use of demonstrative pronouns in two generations of Mandarin Chinese speakers in the Netherlands: Evidence of convergence?}}, 
booktitle={Cross-linguistic influence of bilingualism}, 
editor={Blom, Elma and Cornips, Leonie and Schaeffer, Jeannette}, 
address={Amsterdam, The Netherlands}, 
publisher={John Benjamins}, 
pages={25--48}, 
year={2017},
}

@misc{BeckerLevine2013,
	title        = {Experigen: {A}n online experiment platform},
	author       = {Becker, Michael and Levine, Jonathan},
	year         = 2013,
	url         = {http://becker.phonologist.org/experigen},
}

@article{BenmamounPolinsky2013,
	title        = {Heritage languages and their speakers: {{O}}pportunities and challenges for linguistics},
	author       = {Benmamoun, Elabbas and Montrul, Silvina and Polinsky, Maria},
	year         = 2013,
	journal      = {Theoretical Linguistics},
	volume       = 39,
	number       = {3-4},
	pages        = {129--181},
	ids = {BenmamounPolinsky2013Heritage}
}

@book{Bickerton1975,
	title        = {Dynamics of a creole continuum},
	author       = {Bickerton, Derek},
	year         = 1975,
	publisher    = {Cambridge University Press},
	address      = {Cambridge, UK},
}

@mastersthesis{Billings2015,
	title        = {A corpus-based analysis of {Russian} word order patterns},
	author       = {Billings, Stephanie K.},
	year         = 2015,
	school         = {Brigham Young University},
}

@incollection{BrehmerUsanova2015,
	title        = {Let’s fix it? {{C}}ross-linguistic influence in word order patterns of {Russian} heritage speakers in {Germany}},
	author       = {Brehmer, Bernhard and Usanova, Irina},
	year         = 2015,
	booktitle    = {Transfer effects in multilingual language development},
	publisher    = {John Benjamins},
	address      = {Amsterdam},
	pages        = {161--188},
	editor       = {Peukert, Hagen},
	series = {Hamburg Studies on Linguistic Diversity},
	number = {4}
}

@article{Brun2001,
	title        = {Information structure and the status of {NP} in {Russian}},
	author       = {Brun, Dina},
	year         = 2001,
	journal      = {Theoretical Linguistics},
	volume       = 27,
	pages        = {109--135},
}

@book{Dorian1989,
	title        = {Investigating obsolescence: {{S}}tudies in language contraction and death},
	author       = {Dorian, Nancy},
	year         = 1989,
	publisher    = {Cambridge University Press},
	address      = {Cambridge, UK},
}

@incollection{Dryer2013Order,
	title        = {Order of subject, object and verb},
	author       = {Dryer, Matthew S.},
	year         = 2013,
	booktitle    = {The world atlas of language structures online},
	publisher    = {Max Planck Institute for Evolutionary Anthropology},
	address      = {Leipizig},
	url         = {http://wals.info/chapter/81},
    urldate  = {2022-03-07},
	editor       = {Dryer, Matthew S.  and Haspelmath, Martin},
}

@article{Firbas1964,
	title        = {On defining the theme in functional sentence analysis},
	author       = {Firbas, Jan},
	year         = 1964,
	journal      = {Travaux Linguistique de Prague},
	volume       = 1,
	pages        = {267--280},
}

@proceedings{Fodor2002,
	title        = {Prosodic disambiguation in silent reading},
	author       = {Fodor, Janet D.},
	year         = 2002,
	booktitle    = {Proceedings of the North East Linguistic Society},
	publisher    = {GLSA},
	address      = {Amherst, MA},
	volume       = 32,
	pages        = {113--132},
	editor       = {Hirotani, M.}
}

@article{Gibson1998,
	title        = {Linguistic complexity: {{L}}ocality of syntactic dependencies},
	author       = {Gibson, Edward},
	year         = {1998},
	journal      = {Cognition},
	volume       = {68},
	pages        = {1--76}
}

@article{GómezSolerCabo2018,
	title        = {On focus and weight in {Spanish} as a heritage language},
	author       = {Gómez Soler, Inmaculada and Pascual y Cabo, Diego},
	year         = 2018,
	journal      = {Spanish Journal of Applied Linguistics},
	volume       = 31,
	number       = 2,
	pages        = {437--466},
}

@article{Gross2013,
	title        = {Evidence for prosody in silent reading},
	author       = {Gross, Jennifer and Millett, Amanda L. and Bartek, Brian and Bredell, Kyle Hampton and Winegard, Bo},
	year         = 2013,
	journal      = {Reading Research Quarterly},
	volume       = 49,
	number       = 2,
	pages        = {189--208},
	doi         = {10.1002/rrq.67}
}

@book{Gundel1988,
	title        = {The role of topic and comment in linguistic theory},
	author       = {Gundel, Jeanette K.},
	year         = 1988,
	publisher    = {Garland},
	address      = {New York, NY},
}

@incollection{GundelFretheim2004,
	title        = {Topic and focus},
	author       = {Jeanette K. Gundel and Thorstein Fretheim},
	year         = {2004},
	booktitle    = {Handbook of pragmatics},
	publisher    = {Blackwell},
	address      = {Oxford, UK},
	pages        = {175--196},
	editor       = {Laurence R. Horn and Gregory Ward},
}

@book{Goldin-Meadow2003,
	title        = {The resilience of language: {{W}}hat gesture creation in deaf children can tell us about how all children learn language},
	author       = {Goldin-Meadow, Susan},
	year         = {2003},
	publisher    = {Psychology Press},
	address      = {New York, NY},
}

@article{HoldenKrupp1987,
	title        = {Word order in {Russian} transitive sentences},
	author       = {Holden, Kyril T. and Krupp, Maria},
	year         = {1987},
	journal      = {Folia Slavika},
	volume       = {8},
	pages        = {254--271},
}

@article{Hoot2019,
	title        = {Focus in heritage {Hungarian}},
	author       = {Hoot, Bradley},
	year         = {2019},
	journal      = {Language Acquisition},
	volume       = {26},
	number       = {1},
	pages        = {46--72},
}

@article{Hoot2017,
	title        = {Narrow presentational focus in heritage {Spanish} and the syntax-discourse interface},
	author       = {Hoot, Bradley},
	year         = {2017},
	journal      = {Linguistic Approaches to Bilingualism},
	volume       = {7},
	number       = {1},
	pages        = {63--95},
}
@book{Ivanova-Sullivan2014,
	title        = {Theoretical and experimental aspects of syntax-discourse interface in heritage grammars},
	author       = {Ivanova-Sullivan, Tanya},
	year         = {2014},
	publisher    = {Brill},
	address      = {Leiden, The Netherlands},
	ids 		 = {IvanovaSullivan2014}
}

@article{IoninStyrina2021,
	title        = {Who did what to whom, and what did we already know?},
	journal = {{L}inguistic Approaches to Bilingualism},
	author       = {Ionin, Tania and Goldshtein, Maria and Luchkina, Tatiana and Styrina, Sofya},
	volume = {13},
	number = {3},
	pages = {343--371},
	year         = {2023},
}

@incollection{JunghannsZybatow1997,
	title        = {Syntax and information structure of {R}ussian clauses.},
	author       = {Junghanns, Uwe and Zybatow, Gerhild},
	year         = {1997},
	booktitle    = {{Formal Approaches to Slavic Linguistics 4: The Cornell Meeting}},
	publisher    = {Michigan Slavic Publications},
	address      = {Ann Arbor, MI},
	pages        = {289--319},
	editors      = {Browne, Wayles and Dornisch, Ewa and Kondrashova, Natasha and Zec, Draga},
}

@incollection{Just1996,
	title        = {Constraints on processing capacity: {Architectural} or implementational?},
	author       = {Just, Marcel and Carpenter, Patricia A. and Hemphill, Darold D.},
	year         = {1996},
	booktitle    = {Mind matters: {A} tribute to {Allen Newell}},
	publisher    = {Lawrence Erlbaum Associates},
	address = {Mahwah, NJ},
	pages        = {141--178},
	editors      = {Steler, David and Mitchell, Tom M.},
}

@book{King1995,
	title        = {Configuring Topic and Focus in {Russian}},
	author       = {King, Tracy H.},
	year         = {1995},
	adderss 	 = {Stanford, CA},
	publisher    = {Stanford, CA: CSLI Publications}
}

@article{Kisselev2019,
	title        = {Word order patterns in the writing of Heritage and Second language learners of {Russian}},
	author       = {Kisselev, Olesya},
	year         = {2019},
	journal      = {Russian Language Journal},
	volume       = {69},
	pages        = {149--174},
}

@incollection{Kisselev2021,
	title        = {Corpus-based methodologies in the study of heritage languages},
	author       = {Kisselev, Olesya},
	year         = {2021},
	booktitle    = {The {Cambridge} handbook of heritage languages and linguistics},
	publisher    = {Cambridge University Press},
	address      = {Cambridge, UK},
	pages        = {520--544},
	editor       = {Montrul, Silvina and Polinsky, Maria},
}

@book{KrylovaKhavronina1986,
	author={Krylova, O. A. and Khavronina, S. A.}, 
	booktitle={{Poriadok slov v russkom iazyke [{Word} order in {Russian} sentences]}}, 
	publisher={Russkij Jazik}, 
	Address={Moscow, Russia},
	year={1986},
}

@incollection{LalekoDubinina2018,
	title        = {Word order production in heritage {Russian}: {{P}}erspectives from linguistics and pedagogy},
	author       = {Laleko, Oksana and Dubinina, Irina},
	year         = {2018},
	booktitle    = {Connecting across languages and cultures: {{A}} heritage language festschrift in honor of {O}lga {K}agan},
	publisher    = {Slavica},
	address      = {Bloomington, IN},
	pages        = {191--215},
	editor       = {Bauckus, Susan and Kresin, Susan},
}

@book{Lambrecht1994,
	title        = {Information structure and sentence form},
	author       = {Lambrecht, Knud},
	year         = {1994},
	publisher    = {Cambridge University Press},
	address      = {Cambridge, UK},
}

@article{LealSlabakova2014,
	title        = {A rare structure at the syntax-discourse interface: {{H}}eritage and {Spanish}-dominant native speakers weigh in},
	author       = {Leal, Tanja and Rothman, Jason and Slabakova, Roumyana},
	year         = {2014},
	journal      = {Language Acquisition},
	volume       = {21},
	number       = {4},
	pages        = {411--429},
}

@article{LealMéndezSlabakova2015,
	title        = {Discourse-sensitive clitic-doubled dislocations in heritage {Spanish}},
	author       = {Leal, Tanja and Rothman, Jason and Slabakova, Roumyana},
	year         = 2015,
	journal      = {Lingua},
	volume       = 155,
	pages        = {85--97},
}

@book{Lightfoot1991,
	title        = {How new languages emerge},
	author       = {Lightfoot, David},
	year         = {1991},
	publisher    = {Cambridge University Press},
	address      = {Cambridge, UK},
}

@book{Mathesius1947,
	title        = {Čeština a obecný jazykozpyt [{Czech} language and general linguistics]},
	author       = {Mathesius, Vilém},
	year         = {1947},
	publisher    = {Melantrich},
	address      = {Prague},
}

@article{Montrul2010How,
	title        = {How similar are adult second language learners and {Spanish} heritage speakers? {{S}}panish clitics and word order},
	author       = {Montrul, Silvina},
	year         = {2010},
	journal      = {Applied Psycholinguistics},
	volume       = {31},
	number       = {1},
	pages        = {167--207},
}

@book{MontrulS2016,
	title        = {The acquisition of heritage languages},
	author       = {Montrul Silvina},
	year         = {2016},
	publisher    = {Cambridge University Press},
	address      = {Cambridge, UK},
}

@article{NapoliSutton-Spence2014,
	title        = {Order of the major constituents in sign languages: {{I}}mplications for all language},
	author       = {Napoli, Donna Jo and Sutton-Spence, Rachel},
	year         = {2014},
	volume = {5},
	page    = {376},
	journal      = {Frontiers in Psychology},
        doi = {10.3389/fpsyg.2014.00376},
}

@incollection{Newmeyer2000,
	title        = {On the reconstruction of “Proto-World” word order},
	author       = {Newmayer, Frederick J.},
	year         = {2000},
	booktitle    = {The evolutionary emergence of language},
	publisher    = {Cambridge University Press},
	address      = {New York, NY},
	pages        = {372--388},
	editor       = {Knight, Chris and Studdert-Kennedy, Michael and Hurford, James},
}

@incollection{PradaPérezCabo2012,
	title        = {Interface heritage speech across proficiencies: {{{U}}}naccusativity, focus, and subject position in {Spanish}},
	author       = {de Prada Pérez, Ana and Pascual y Cabo, Diego},
	year         = {2012},
	booktitle    = {Selected proceedings of the 14th {Hispanic} {L}inguistics {S}ymposium},
	publisher    = {Cascadilla Press},
	address      = {Somerville, MA},
	pages        = {308--318},
	editor       = {Geeslin, Kimberly and Díaz-Campos, Manuel},
	sortname     = {Prada Perez, A. de and Pascual y Cabo, D.},
}

@book{Reinhart2006,
	title        = {Interface strategies: {{O}}ptimal and costly computations},
	author       = {Reinhart, Tanya},
	year         = {2006},
	publisher    = {The MIT Press},
	address      = {Cambridge, MA},
}

@article{SagarraBel2017,
	title        = {Processing {DOM} in relative clauses: {{S}}alience and optionality in early and late bilinguals},
	author       = {Sagarra, Nuria and Sánchez, Liliana and Bel, Aurora},
	year         = {2017},
	journal      = {Linguistic Approaches to Bilingualism},
	volume       ={9},
	number       = {1},
	pages        = {120--160},
}

@article{SagarraSanchezBel2019,
author={Sagarra, Nuria and Sánchez, Liliana and Bel, Aurora},
title={{Processing DOM in relative clauses: Salience and optionality in early and late bilinguals}}, 
journal={Linguistic Approaches to Bilingualism}, 
volume={9}, 
number={1}, 
pages={120--160},
year={2019},
}

@incollection{Sasse2001,
	title        = {Typological changes in language obsolescence},
	author       = {Sasse, Hans-Jürgen},
	year         = {2001},
	booktitle    = {Language typology and language universals: {{A}}n international handbook},
	publisher    = {Walter de Gruyter},
	address      = {Berlin, Germany},
	pages        = {1668--1677},
	editor       = {Haspelmath, Martin},
}

@phdthesis{Sekerina1997,
	title        = {The syntax and processing of split scrambling constructions in {Russian}},
	author       = {Sekerina, Irina A.},
	year         = {1997},
	school         = {City University of New York},
}

@incollection{Sekerina2003,
	title        = {Scrambling and processing: {{D}}ependencies, complexity and constraints},
	author       = {Sekerina, Irina A.},
	year         = {2003},
	booktitle    = {Word order and scrambling},
	publisher    = {Blackwell},
	address      = {Oxford, UK},
	pages        = {301--325},
	editor       = {Karimi, Simin},
}

@article{Sequeros-ValleCabrelli2020,
	author = {Jose Sequeros-Valle and Bradley Hoot and Jennifer Cabrelli},
        title={{Clitic-doubled left dislocation in heritage Spanish: judgment versus production data}},
	doi = {10.3390/languages5040047},
	journal = {Languages},
        volume={5},
	number = {4},
	pages = {47},
	year = {2020},
}

@book{Sirotinina1965,
	title        = {Poryadok slov v russkom jazyke [{W}ord order in {Russian}]},
	author       = {Sirotinina, Olga B.},
	year         = {1965},
	publisher    = {SGU},
	address      = {St. Petersburg, Russian},
}

@book{Slioussar2007,
	title        = {Grammar and information structure: {{A}} study with reference to {Russian}},
	author       = {Slioussar, Natalia},
	year         = {2007},
	publisher    = {LOT Publications},
	address      = {Utrecht, The Netherlands},
}

@book{Smitterberg2021,
	title        = {Syntactic change in late modern {English}: {{S}}tudies on colloquialization and densification},
	author       = {Smitterberg, Erik},
	year         = {2021},
	publisher    = {Cambridge University Press},
	address      = {Cambridge, UK},
}

@article{Titov2020,
	title        = {Optionality of movement},
	author       = {Titov, Elena},
	year         = {2020},
	journal      = {Syntax},
	volume       = {23},
	number       = {4},
	pages        = {347--374}
}

@incollection{vanOschSleeman2018Subject,
	title        = {Subject position in {Spanish} as a heritage language in the {Netherlands}: {{{E}}}xternal and internal interface factors},
	author       = {van Osch, Brechje and Petra Sleeman},
	year         = {2018},
	booktitle    = {On the acquisition of the syntax of {Romance}},
	publisher    = {John Benjamins},
	address      = {Amsterdam, The Netherlands},
	pages        = {187--214},
	editor       = {Gavarró, Anna}
}

@incollection{WestergaardLohndal2019,
	title        = {Verb second word order in {Norwegian} heritage language: {{S}}yntax and pragmatics},
	author       = {Westergaard, Marit and Lohndal, Terje},
	year         = 2019,
	booktitle    = {Variable properties in language: {{T}}heir nature and acquisition},
	publisher    = {Georgetown University Press},
	address      = {Washington, DC},
	pages        = {91--102},
	editor       = {Lightfoot, David and Havenhill, Jonathan},
}

@book{Yokoyama1986,
	title        = {Discourse and word order},
	author       = {Yokoyama, Olga},
	year         = {1986},
	publisher    = {John Benjamins},
	address      = {Amsterdam, The Netherlands},
}

@article{ZapataToribio2005,
	title        = {Contact and contracting {Spanish}},
	author       = {Zapata, Gabriela C. and Sánchez, Liliana and Toribio, Almeida Jacqueline},
	year         = {2005},
	journal      = {International Journal of Bilingualism},
	volume       = {9},
	number       = {3-4},
	pages        = {377--395},
}

@article{ZybanGagarina2021,
	title        = {Word order in heritage {Russian}: {{C}}lause type and majority language matter},
	author       = {Zyban, Yulia and Martynova, Martynova and Zerbian, Sabine and Szucsich, Luka and Gagarina, Natalia},
	year         = {2021},
	journal      = {Russian Linguistics},
	volume       = {45},
	pages        = {253--281},
}

@PhdThesis{Kondrashova1996,
  author = {Kondrashova, Natalia Y.},
  school = {University of Wisconsin-Madison},
  title  = {The syntax of existential quantification},
  year   = {1996},
}

@PhdThesis{Kallestinova2007,
  author = {Kallestinova, Elena D.},
  school = {University of Iowa},
  title  = {Aspects of word order in {Russian}},
  year   = {2007},
}

@PhdThesis{Dyakonova2009,
  author   = {Dyakonova, Marina},
  school   = {University of Amsterdam},
  title    = {A phase-based approach to {Russian} free word order},
  year     = {2009},
  location = {Amsterdam, The Netherlands},
}

@PhdThesis{Bailyn1995,
  author   = {Bailyn, Jonathan},
  school   = {Cornell University},
  title    = {A configurational approach to {Russian} “free” word order},
  year     = {1995},
  location = {Ithaca, NY},
}

@InCollection{Laleko2021,
  author    = {Laleko, Oksana},
  booktitle = {The {Cambridge} handbook of heritage languages and linguistics},
  publisher = {Cambridge University Press},
  title     = {Discourse and information structure in heritage languages},
  year      = {2021},
  address   = {Cambridge, UK},
  editor    = {Montrul, Silvina and Polinsky, Maria},
  pages     = {691--727},
}

@InCollection{Jasinskaja2016,
  author    = {Jasinskaja, Katja},
  booktitle = {The {Oxford} handbook of information structure},
  publisher = {Oxford University Press},
  title     = {Information structure in {Slavic}},
  year      = {2016},
  address   = {Oxford, UK},
  editor    = {Caroline Féry and Shinichiro Ishihara},
  pages     = {709--732},
  editors   = {Féry, Caroline and Ishihara, Shinichiro},
}

@PhdThesis{Ross1967,
  author   = {Ross, John R.},
  school   = {MIT},
  title    = {Constraints on variables in syntax},
  year     = {1967},
  location = {Cambridge, MA},
}

@Book{MillerWeinert1998,
  author    = {Miller, Jim and Weinert, Regina},
  publisher = {Oxford University Press},
  title     = {Spontaneous spoken language: {{S}}yntax and discourse},
  year      = {1998},
  address   = {Oxford, UK},
}

@Book{AalberseMuysken2019,
  author    = {Aalberse, Suzanne and Backus, Ad and Muysken, Pieter},
  publisher = {John Benjamins},
  title     = {Heritage Languages: {A} language contact approach},
  year      = {2019},
  address   = {Amsterdam, The Netherlands},
  doi       = {10.1075/sibil.58},
}

@Article{LohndalWestergaard2019,
  author  = {Lohndal, Terje and Rothman, Jason and Kupisch, Tanja and Westergaard, Marit},
  journal = {Language and Linguistics Compass},
  title   = {Heritage language acquisition: {W}hat it reveals and why it is important for formal linguistic theories},
  year    = {2019},
  number  = {12},
  volume  = {13},
  pages    = {e12357},
  ids = {lohndaletal2019}
}

@Article{KühlPetersen2018,
  author  = {Kühl, Karoline and Petersen, Jan H.},
  journal = {Journal of Language Contact},
  title   = {Word order in {American} {Danish} declaratives with a non-subject initial constituent},
  year    = {2018},
  pages   = {413--440},
  volume  = {11},
}

@Article{KantarovichNesterova2021,
  author  = {Kantarovich, Jessica and Grenoble, Lenore A. and Vinokurova, Antonia and Elena Nesterova},
  journal = {Frontiers in Communication},
  title   = {Complexity and simplification in language shift},
  year    = {2021},
  pages   = {1--17},
  volume  = {6},
  doi     = {10.3389/fcomm.2021.638118},
}

@article{ZubanEtAl2021,
	author = {Yulia Zuban and Maria Martynova and Sabine Zerbian and Luka Szucsich and Natalia Gagarina},
	title = {Word order in heritage {Russian}: {Clause} type and majority language matter},
	year = {2021},
	journal = {Russian Linguistics},
	volume = {45},
	pages = {253--281},
	doi = {10.1007/s11185-021-09246-1}
}

@article{lohnput24,
    author = {Lohndal, Terje and Putnam, Michael T.},
    title = {{The importance of features and exponents: Dissolving Feature Reassembly}},
    journal = {Linguistic Approaches to Bilingualism},
    volume={14}, 
    number={1},
    pages={1--36},
    year = {2024}, 
    doi = {10.1075/lab.23023.loh},
}

@book{nagy24,
    author ={Nagy, Naomi},
    title = {Heritage languages: {Extending} variationist approaches},
    publisher ={Cambridge University Press},
    location = {Cambridge, UK},
    year = {2024},
}

